EUR/USD,20090501 00:00:00.365,1.32436,1.32451
EUR/USD,20090501 00:00:00.371,1.32437,1.32452
EUR/USD,20090501 00:00:00.605,1.32439,1.32454
EUR/USD,20090501 00:00:00.863,1.32436,1.32451
EUR/USD,20090501 00:00:01.208,1.32437,1.32452
EUR/USD,20090501 00:00:01.335,1.32436,1.32451
EUR/USD,20090501 00:00:01.449,1.32437,1.32452
EUR/USD,20090501 00:00:02.017,1.32437,1.3245
EUR/USD,20090501 00:00:02.018,1.3244,1.32446
EUR/USD,20090501 00:00:02.765,1.32448,1.32449
EUR/USD,20090501 00:00:02.766,1.32444,1.32449
EUR/USD,20090501 00:00:02.797,1.32444,1.32452
EUR/USD,20090501 00:00:02.984,1.32444,1.32452
EUR/USD,20090501 00:00:03.268,1.32444,1.32457
EUR/USD,20090501 00:00:03.290,1.32444,1.32449
EUR/USD,20090501 00:00:03.318,1.3244,1.32449
EUR/USD,20090501 00:00:03.589,1.32444,1.32449
EUR/USD,20090501 00:00:04.023,1.3245,1.32451
EUR/USD,20090501 00:00:04.065,1.3245,1.32453
EUR/USD,20090501 00:00:04.402,1.32451,1.32453
EUR/USD,20090501 00:00:04.521,1.32453,1.32461
EUR/USD,20090501 00:00:04.547,1.32457,1.32459
EUR/USD,20090501 00:00:05.760,1.32454,1.32466
EUR/USD,20090501 00:00:07.436,1.32453,1.32466
EUR/USD,20090501 00:00:07.437,1.32453,1.32464
EUR/USD,20090501 00:00:09.263,1.32457,1.32463
EUR/USD,20090501 00:00:10.019,1.32454,1.32466
EUR/USD,20090501 00:00:10.023,1.32453,1.32467
EUR/USD,20090501 00:00:10.024,1.32453,1.32465
EUR/USD,20090501 00:00:10.381,1.32453,1.32464
EUR/USD,20090501 00:00:13.513,1.32456,1.32464
EUR/USD,20090501 00:00:13.531,1.3246,1.32464
EUR/USD,20090501 00:00:13.531,1.3246,1.32465
EUR/USD,20090501 00:00:13.587,1.3246,1.32465
EUR/USD,20090501 00:00:14.262,1.3246,1.32467
EUR/USD,20090501 00:00:14.264,1.3246,1.32468
EUR/USD,20090501 00:00:14.288,1.3246,1.32467
EUR/USD,20090501 00:00:14.311,1.32454,1.32467
EUR/USD,20090501 00:00:14.383,1.32454,1.32464
EUR/USD,20090501 00:00:14.840,1.32453,1.32464
EUR/USD,20090501 00:00:14.841,1.32451,1.32464
EUR/USD,20090501 00:00:16.511,1.32455,1.32462
EUR/USD,20090501 00:00:29.013,1.32452,1.32466
EUR/USD,20090501 00:00:29.014,1.32453,1.32462
EUR/USD,20090501 00:00:36.016,1.32451,1.32464
EUR/USD,20090501 00:00:36.032,1.32449,1.32464
EUR/USD,20090501 00:00:36.262,1.32447,1.32462
EUR/USD,20090501 00:00:36.263,1.32447,1.32456
EUR/USD,20090501 00:00:36.515,1.32443,1.32461
EUR/USD,20090501 00:00:36.516,1.32443,1.32454
EUR/USD,20090501 00:00:36.540,1.32442,1.32454
EUR/USD,20090501 00:00:36.760,1.32442,1.32456
EUR/USD,20090501 00:00:36.761,1.32442,1.32451
EUR/USD,20090501 00:00:37.266,1.32438,1.32454
EUR/USD,20090501 00:00:37.267,1.32438,1.3245
EUR/USD,20090501 00:00:37.838,1.32442,1.32448
EUR/USD,20090501 00:00:37.839,1.32441,1.3245
EUR/USD,20090501 00:00:37.840,1.32441,1.32453
EUR/USD,20090501 00:00:38.759,1.32438,1.32453
EUR/USD,20090501 00:00:38.760,1.3244,1.32451
EUR/USD,20090501 00:00:39.260,1.32441,1.3245
EUR/USD,20090501 00:00:39.261,1.32441,1.32453
EUR/USD,20090501 00:00:39.323,1.32442,1.32449
EUR/USD,20090501 00:00:39.837,1.3244,1.32451
EUR/USD,20090501 00:00:39.838,1.32438,1.32453
EUR/USD,20090501 00:00:40.270,1.3244,1.32453
EUR/USD,20090501 00:00:40.280,1.32442,1.32453
EUR/USD,20090501 00:00:40.472,1.32442,1.32449
EUR/USD,20090501 00:00:40.756,1.32447,1.32451
EUR/USD,20090501 00:00:40.757,1.32447,1.32456
EUR/USD,20090501 00:00:41.264,1.32443,1.32458
EUR/USD,20090501 00:00:41.348,1.32444,1.32458
EUR/USD,20090501 00:00:41.759,1.32444,1.32457
EUR/USD,20090501 00:00:41.784,1.32443,1.32457
EUR/USD,20090501 00:00:43.513,1.32446,1.32455
EUR/USD,20090501 00:00:43.515,1.32447,1.32454
EUR/USD,20090501 00:00:43.516,1.32447,1.32456
EUR/USD,20090501 00:00:44.089,1.32444,1.32456
EUR/USD,20090501 00:00:44.090,1.32443,1.32457
EUR/USD,20090501 00:00:44.594,1.32443,1.32456
EUR/USD,20090501 00:00:45.319,1.32443,1.32457
EUR/USD,20090501 00:00:45.515,1.32443,1.32453
EUR/USD,20090501 00:01:04.626,1.32442,1.32453
EUR/USD,20090501 00:01:06.511,1.3244,1.32451
EUR/USD,20090501 00:01:06.512,1.3244,1.32453
EUR/USD,20090501 00:01:06.526,1.3244,1.32453
EUR/USD,20090501 00:01:06.588,1.3244,1.32452
EUR/USD,20090501 00:01:06.797,1.32437,1.3245
EUR/USD,20090501 00:01:06.890,1.32437,1.32452
EUR/USD,20090501 00:01:07.267,1.32437,1.32451
EUR/USD,20090501 00:01:07.779,1.32437,1.32452
EUR/USD,20090501 00:01:08.086,1.32437,1.32451
EUR/USD,20090501 00:01:08.759,1.32442,1.32447
EUR/USD,20090501 00:01:08.760,1.32441,1.32449
EUR/USD,20090501 00:01:08.851,1.32444,1.32449
EUR/USD,20090501 00:01:28.022,1.32447,1.32451
EUR/USD,20090501 00:01:28.023,1.32447,1.32455
EUR/USD,20090501 00:01:28.119,1.32447,1.32456
EUR/USD,20090501 00:01:28.758,1.32451,1.32456
EUR/USD,20090501 00:01:28.759,1.3245,1.32458
EUR/USD,20090501 00:01:29.387,1.32451,1.32458
EUR/USD,20090501 00:01:29.531,1.3245,1.32458
EUR/USD,20090501 00:01:29.550,1.3245,1.32458
EUR/USD,20090501 00:01:29.778,1.32452,1.32458
EUR/USD,20090501 00:01:29.871,1.32451,1.32458
EUR/USD,20090501 00:01:40.018,1.32451,1.3246
EUR/USD,20090501 00:01:40.019,1.32451,1.32458
EUR/USD,20090501 00:01:40.042,1.3245,1.32458
EUR/USD,20090501 00:01:40.758,1.32452,1.32457
EUR/USD,20090501 00:01:40.760,1.32451,1.32458
EUR/USD,20090501 00:01:40.761,1.32451,1.32459
EUR/USD,20090501 00:01:40.778,1.32451,1.32459
EUR/USD,20090501 00:01:40.781,1.32452,1.32459
EUR/USD,20090501 00:01:40.791,1.32452,1.32463
EUR/USD,20090501 00:01:40.832,1.32451,1.32463
EUR/USD,20090501 00:01:41.020,1.32451,1.32461
EUR/USD,20090501 00:01:41.021,1.32451,1.32458
EUR/USD,20090501 00:01:41.042,1.3245,1.32458
EUR/USD,20090501 00:01:41.760,1.32452,1.32456
EUR/USD,20090501 00:01:41.761,1.32451,1.32458
EUR/USD,20090501 00:01:41.786,1.32452,1.32458
EUR/USD,20090501 00:01:41.877,1.32451,1.32458
EUR/USD,20090501 00:01:42.014,1.32451,1.32461
EUR/USD,20090501 00:01:42.027,1.3245,1.32461
EUR/USD,20090501 00:01:42.031,1.3245,1.32459
EUR/USD,20090501 00:01:42.114,1.3245,1.32458
EUR/USD,20090501 00:01:42.760,1.32452,1.32456
EUR/USD,20090501 00:01:43.012,1.32451,1.32461
EUR/USD,20090501 00:01:43.013,1.32451,1.32463
EUR/USD,20090501 00:01:43.014,1.32451,1.32458
EUR/USD,20090501 00:01:43.031,1.3245,1.32458
EUR/USD,20090501 00:01:50.758,1.32452,1.32456
EUR/USD,20090501 00:01:50.759,1.32451,1.32458
EUR/USD,20090501 00:01:50.775,1.32452,1.32458
EUR/USD,20090501 00:01:50.794,1.32452,1.32463
EUR/USD,20090501 00:01:50.832,1.32451,1.32463
EUR/USD,20090501 00:01:59.259,1.32451,1.32461
EUR/USD,20090501 00:01:59.260,1.32451,1.32463
EUR/USD,20090501 00:01:59.276,1.3245,1.32461
EUR/USD,20090501 00:01:59.277,1.3245,1.32458
EUR/USD,20090501 00:01:59.665,1.3245,1.32459
EUR/USD,20090501 00:01:59.757,1.32452,1.32456
EUR/USD,20090501 00:01:59.758,1.32452,1.32459
EUR/USD,20090501 00:01:59.759,1.32451,1.32459
EUR/USD,20090501 00:01:59.777,1.32451,1.32459
EUR/USD,20090501 00:01:59.779,1.32452,1.32459
EUR/USD,20090501 00:01:59.790,1.32452,1.32463
EUR/USD,20090501 00:01:59.884,1.32451,1.32463
EUR/USD,20090501 00:02:00.028,1.32451,1.32461
EUR/USD,20090501 00:02:00.030,1.32451,1.32463
EUR/USD,20090501 00:02:00.051,1.32451,1.32459
EUR/USD,20090501 00:02:00.058,1.3245,1.32459
EUR/USD,20090501 00:02:00.109,1.3245,1.32458
EUR/USD,20090501 00:02:00.187,1.3245,1.32459
EUR/USD,20090501 00:02:00.510,1.32452,1.32456
EUR/USD,20090501 00:02:00.511,1.32452,1.32459
EUR/USD,20090501 00:02:00.514,1.32451,1.32458
EUR/USD,20090501 00:02:00.535,1.32452,1.32458
EUR/USD,20090501 00:02:00.763,1.32452,1.32458
EUR/USD,20090501 00:02:00.790,1.3245,1.32458
EUR/USD,20090501 00:02:01.511,1.32452,1.32456
EUR/USD,20090501 00:02:01.512,1.32451,1.32458
EUR/USD,20090501 00:02:01.557,1.32452,1.32458
EUR/USD,20090501 00:02:01.620,1.32452,1.32463
EUR/USD,20090501 00:02:01.762,1.32452,1.32461
EUR/USD,20090501 00:02:01.763,1.32452,1.32456
EUR/USD,20090501 00:02:01.765,1.32452,1.32463
EUR/USD,20090501 00:02:01.783,1.32452,1.32459
EUR/USD,20090501 00:02:01.783,1.3245,1.32459
EUR/USD,20090501 00:02:02.259,1.32452,1.32456
EUR/USD,20090501 00:02:02.514,1.32451,1.32461
EUR/USD,20090501 00:02:02.515,1.32451,1.32463
EUR/USD,20090501 00:02:02.532,1.3245,1.32461
EUR/USD,20090501 00:02:02.534,1.3245,1.32459
EUR/USD,20090501 00:02:02.578,1.3245,1.32458
EUR/USD,20090501 00:02:02.764,1.3245,1.32459
EUR/USD,20090501 00:02:02.814,1.3245,1.32458
EUR/USD,20090501 00:02:03.015,1.32452,1.32456
EUR/USD,20090501 00:02:03.016,1.32451,1.32458
EUR/USD,20090501 00:02:03.054,1.32452,1.32458
EUR/USD,20090501 00:02:03.259,1.32452,1.32458
EUR/USD,20090501 00:02:03.275,1.3245,1.32458
EUR/USD,20090501 00:02:03.424,1.3245,1.32459
EUR/USD,20090501 00:02:03.447,1.3245,1.32458
EUR/USD,20090501 00:02:03.759,1.32452,1.32456
EUR/USD,20090501 00:02:03.760,1.32451,1.32458
EUR/USD,20090501 00:02:03.787,1.32452,1.32458
EUR/USD,20090501 00:02:03.791,1.32452,1.32463
EUR/USD,20090501 00:02:03.875,1.32451,1.32463
EUR/USD,20090501 00:02:04.014,1.32451,1.32461
EUR/USD,20090501 00:02:04.015,1.32451,1.32463
EUR/USD,20090501 00:02:04.026,1.32451,1.32459
EUR/USD,20090501 00:02:04.052,1.3245,1.32459
EUR/USD,20090501 00:02:04.097,1.3245,1.32458
EUR/USD,20090501 00:02:04.276,1.3245,1.32459
EUR/USD,20090501 00:02:04.511,1.32452,1.32456
EUR/USD,20090501 00:02:04.512,1.32451,1.32459
EUR/USD,20090501 00:02:04.526,1.32451,1.32459
EUR/USD,20090501 00:02:04.535,1.32452,1.32459
EUR/USD,20090501 00:02:04.571,1.32452,1.32463
EUR/USD,20090501 00:02:04.758,1.32452,1.32461
EUR/USD,20090501 00:02:04.760,1.32452,1.32463
EUR/USD,20090501 00:02:04.774,1.32452,1.32459
EUR/USD,20090501 00:02:04.841,1.3245,1.32459
EUR/USD,20090501 00:02:04.843,1.3245,1.32458
EUR/USD,20090501 00:02:05.259,1.32452,1.32457
EUR/USD,20090501 00:02:05.260,1.32451,1.32458
EUR/USD,20090501 00:02:05.295,1.32452,1.32458
EUR/USD,20090501 00:02:05.301,1.32452,1.32463
EUR/USD,20090501 00:02:05.387,1.32451,1.32463
EUR/USD,20090501 00:02:05.510,1.32451,1.32461
EUR/USD,20090501 00:02:05.532,1.3245,1.32461
EUR/USD,20090501 00:02:05.545,1.3245,1.32459
EUR/USD,20090501 00:02:05.567,1.3245,1.32458
EUR/USD,20090501 00:02:05.676,1.3245,1.32459
EUR/USD,20090501 00:02:05.797,1.3245,1.32458
EUR/USD,20090501 00:02:06.014,1.32452,1.32456
EUR/USD,20090501 00:02:06.015,1.32451,1.32458
EUR/USD,20090501 00:02:06.036,1.32452,1.32458
EUR/USD,20090501 00:02:06.066,1.32452,1.32463
EUR/USD,20090501 00:02:06.173,1.32452,1.32458
EUR/USD,20090501 00:02:06.280,1.3245,1.32458
EUR/USD,20090501 00:02:06.759,1.32452,1.32456
EUR/USD,20090501 00:02:06.760,1.32451,1.32458
EUR/USD,20090501 00:02:06.761,1.32451,1.32458
EUR/USD,20090501 00:02:06.774,1.32452,1.32458
EUR/USD,20090501 00:02:06.835,1.32452,1.32463
EUR/USD,20090501 00:02:06.858,1.32451,1.32463
EUR/USD,20090501 00:02:07.015,1.32451,1.32461
EUR/USD,20090501 00:02:07.017,1.32451,1.32463
EUR/USD,20090501 00:02:07.018,1.32451,1.32458
EUR/USD,20090501 00:02:07.035,1.3245,1.32458
EUR/USD,20090501 00:02:07.509,1.32452,1.32456
EUR/USD,20090501 00:02:07.510,1.32452,1.32459
EUR/USD,20090501 00:02:07.511,1.32451,1.32458
EUR/USD,20090501 00:02:07.512,1.32451,1.32459
EUR/USD,20090501 00:02:07.528,1.32451,1.32459
EUR/USD,20090501 00:02:07.539,1.32452,1.32459
EUR/USD,20090501 00:02:07.697,1.32452,1.32463
EUR/USD,20090501 00:02:07.759,1.32453,1.32461
EUR/USD,20090501 00:02:07.774,1.32456,1.32461
EUR/USD,20090501 00:02:07.777,1.32455,1.32461
EUR/USD,20090501 00:02:08.262,1.32455,1.3246
EUR/USD,20090501 00:02:08.287,1.32452,1.3246
EUR/USD,20090501 00:02:08.287,1.32452,1.3246
EUR/USD,20090501 00:02:08.513,1.32451,1.32461
EUR/USD,20090501 00:02:08.518,1.32451,1.32463
EUR/USD,20090501 00:02:08.531,1.32449,1.32463
EUR/USD,20090501 00:02:08.559,1.32448,1.32463
EUR/USD,20090501 00:02:08.602,1.32446,1.32463
EUR/USD,20090501 00:02:08.760,1.32446,1.32462
EUR/USD,20090501 00:02:08.835,1.32446,1.32461
EUR/USD,20090501 00:02:09.259,1.32446,1.32462
EUR/USD,20090501 00:02:09.260,1.3245,1.32456
EUR/USD,20090501 00:02:09.261,1.32448,1.32458
EUR/USD,20090501 00:02:11.758,1.32452,1.32459
EUR/USD,20090501 00:02:11.759,1.32451,1.3246
EUR/USD,20090501 00:02:11.777,1.32452,1.3246
EUR/USD,20090501 00:02:11.835,1.32451,1.3246
EUR/USD,20090501 00:02:12.028,1.32451,1.32459
EUR/USD,20090501 00:02:12.031,1.32451,1.32459
EUR/USD,20090501 00:02:12.102,1.32451,1.32458
EUR/USD,20090501 00:02:12.324,1.3245,1.32458
EUR/USD,20090501 00:02:12.538,1.32452,1.32458
EUR/USD,20090501 00:02:12.581,1.32452,1.32463
EUR/USD,20090501 00:02:12.771,1.3245,1.32461
EUR/USD,20090501 00:02:12.777,1.3245,1.32459
EUR/USD,20090501 00:02:12.821,1.3245,1.32458
EUR/USD,20090501 00:02:13.649,1.3245,1.32459
EUR/USD,20090501 00:02:14.014,1.32452,1.32457
EUR/USD,20090501 00:02:14.016,1.32451,1.32459
EUR/USD,20090501 00:02:14.029,1.32452,1.32459
EUR/USD,20090501 00:02:14.285,1.32451,1.32459
EUR/USD,20090501 00:02:14.310,1.32451,1.32458
EUR/USD,20090501 00:02:14.573,1.3245,1.32458
EUR/USD,20090501 00:02:14.778,1.32452,1.32458
EUR/USD,20090501 00:02:14.826,1.32452,1.32458
EUR/USD,20090501 00:02:14.838,1.32451,1.32458
EUR/USD,20090501 00:02:15.040,1.3245,1.32458
EUR/USD,20090501 00:02:15.509,1.32452,1.32458
EUR/USD,20090501 00:02:15.510,1.32451,1.32458
EUR/USD,20090501 00:02:15.529,1.32452,1.32458
EUR/USD,20090501 00:02:15.573,1.32452,1.32463
EUR/USD,20090501 00:02:15.647,1.32452,1.32462
EUR/USD,20090501 00:02:15.842,1.32451,1.32462
EUR/USD,20090501 00:02:16.015,1.32451,1.32461
EUR/USD,20090501 00:02:16.016,1.32451,1.32458
EUR/USD,20090501 00:02:16.019,1.32451,1.32462
EUR/USD,20090501 00:02:16.020,1.32451,1.32459
EUR/USD,20090501 00:02:16.038,1.3245,1.32459
EUR/USD,20090501 00:02:16.068,1.3245,1.32458
EUR/USD,20090501 00:02:16.277,1.32452,1.32458
EUR/USD,20090501 00:02:16.322,1.32452,1.32459
EUR/USD,20090501 00:02:16.541,1.3245,1.32459
EUR/USD,20090501 00:02:16.572,1.3245,1.32458
EUR/USD,20090501 00:02:16.669,1.3245,1.32459
EUR/USD,20090501 00:02:16.786,1.3245,1.32458
EUR/USD,20090501 00:02:17.014,1.32452,1.32458
EUR/USD,20090501 00:02:17.015,1.32451,1.32458
EUR/USD,20090501 00:02:17.039,1.32452,1.32458
EUR/USD,20090501 00:02:17.074,1.32452,1.32463
EUR/USD,20090501 00:02:17.260,1.32452,1.32461
EUR/USD,20090501 00:02:17.261,1.32452,1.32463
EUR/USD,20090501 00:02:17.269,1.32452,1.32462
EUR/USD,20090501 00:02:17.278,1.32452,1.32459
EUR/USD,20090501 00:02:17.292,1.3245,1.32459
EUR/USD,20090501 00:02:17.327,1.3245,1.32458
EUR/USD,20090501 00:02:17.757,1.32452,1.32457
EUR/USD,20090501 00:02:17.758,1.32451,1.32458
EUR/USD,20090501 00:02:17.784,1.32452,1.32458
EUR/USD,20090501 00:02:17.820,1.32452,1.32459
EUR/USD,20090501 00:02:17.833,1.32451,1.32459
EUR/USD,20090501 00:02:18.015,1.32451,1.32461
EUR/USD,20090501 00:02:18.016,1.32451,1.32463
EUR/USD,20090501 00:02:18.030,1.32451,1.32459
EUR/USD,20090501 00:02:18.064,1.3245,1.32459
EUR/USD,20090501 00:02:18.332,1.3245,1.32458
EUR/USD,20090501 00:02:18.344,1.3245,1.32459
EUR/USD,20090501 00:02:18.361,1.3245,1.32458
EUR/USD,20090501 00:02:18.508,1.32452,1.32457
EUR/USD,20090501 00:02:18.509,1.32452,1.32458
EUR/USD,20090501 00:02:18.573,1.32452,1.32461
EUR/USD,20090501 00:02:18.759,1.32452,1.32461
EUR/USD,20090501 00:02:18.760,1.32452,1.32459
EUR/USD,20090501 00:02:18.777,1.3245,1.32459
EUR/USD,20090501 00:02:18.869,1.3245,1.32458
EUR/USD,20090501 00:02:19.260,1.32452,1.32457
EUR/USD,20090501 00:02:19.511,1.32451,1.32461
EUR/USD,20090501 00:02:19.512,1.32451,1.32463
EUR/USD,20090501 00:02:19.525,1.32451,1.32459
EUR/USD,20090501 00:02:19.529,1.3245,1.32459
EUR/USD,20090501 00:02:19.564,1.3245,1.32458
EUR/USD,20090501 00:02:19.648,1.3245,1.32459
EUR/USD,20090501 00:02:19.811,1.3245,1.32458
EUR/USD,20090501 00:02:20.016,1.32452,1.32457
EUR/USD,20090501 00:02:20.259,1.32452,1.32458
EUR/USD,20090501 00:02:20.278,1.32452,1.32459
EUR/USD,20090501 00:02:20.285,1.3245,1.32459
EUR/USD,20090501 00:02:20.348,1.3245,1.32458
EUR/USD,20090501 00:02:20.760,1.32451,1.32458
EUR/USD,20090501 00:02:20.831,1.32451,1.32459
EUR/USD,20090501 00:02:20.847,1.32452,1.32459
EUR/USD,20090501 00:02:20.875,1.32451,1.32459
EUR/USD,20090501 00:02:21.015,1.32451,1.32461
EUR/USD,20090501 00:02:21.019,1.32451,1.32463
EUR/USD,20090501 00:02:21.032,1.32451,1.32459
EUR/USD,20090501 00:02:21.039,1.3245,1.32459
EUR/USD,20090501 00:02:21.124,1.3245,1.32458
EUR/USD,20090501 00:02:21.176,1.3245,1.32459
EUR/USD,20090501 00:02:21.291,1.3245,1.32458
EUR/USD,20090501 00:02:22.271,1.32448,1.32458
EUR/USD,20090501 00:02:22.287,1.32446,1.32458
EUR/USD,20090501 00:02:22.420,1.32446,1.32457
EUR/USD,20090501 00:02:22.514,1.32444,1.32456
EUR/USD,20090501 00:02:22.520,1.32442,1.32457
EUR/USD,20090501 00:02:22.778,1.32444,1.32457
EUR/USD,20090501 00:02:22.840,1.32444,1.32458
EUR/USD,20090501 00:02:22.882,1.32443,1.32458
EUR/USD,20090501 00:02:23.033,1.32442,1.32458
EUR/USD,20090501 00:02:23.331,1.32442,1.32456
EUR/USD,20090501 00:02:24.138,1.32442,1.32455
EUR/USD,20090501 00:02:24.201,1.32442,1.32456
EUR/USD,20090501 00:02:24.377,1.32444,1.32458
EUR/USD,20090501 00:02:24.888,1.32444,1.32458
EUR/USD,20090501 00:02:31.258,1.32447,1.32453
EUR/USD,20090501 00:02:31.262,1.32446,1.32454
EUR/USD,20090501 00:02:31.273,1.32448,1.32454
EUR/USD,20090501 00:02:31.275,1.3245,1.32454
EUR/USD,20090501 00:02:31.512,1.32452,1.32456
EUR/USD,20090501 00:02:31.517,1.32451,1.32458
EUR/USD,20090501 00:02:31.536,1.32452,1.32458
EUR/USD,20090501 00:02:31.763,1.32452,1.32461
EUR/USD,20090501 00:02:31.768,1.32452,1.32463
EUR/USD,20090501 00:02:31.774,1.32452,1.32459
EUR/USD,20090501 00:02:31.777,1.3245,1.32459
EUR/USD,20090501 00:02:32.259,1.32452,1.32456
EUR/USD,20090501 00:02:32.260,1.32451,1.32458
EUR/USD,20090501 00:02:32.287,1.32452,1.32458
EUR/USD,20090501 00:02:32.385,1.32451,1.32458
EUR/USD,20090501 00:02:32.531,1.32451,1.32458
EUR/USD,20090501 00:02:32.762,1.3245,1.32459
EUR/USD,20090501 00:02:33.029,1.32452,1.32459
EUR/USD,20090501 00:02:33.033,1.32452,1.32461
EUR/USD,20090501 00:02:33.144,1.32452,1.32463
EUR/USD,20090501 00:02:33.274,1.3245,1.32463
EUR/USD,20090501 00:02:33.277,1.3245,1.32459
EUR/USD,20090501 00:02:33.297,1.3245,1.32459
EUR/USD,20090501 00:02:33.758,1.32452,1.32458
EUR/USD,20090501 00:02:33.759,1.32451,1.32459
EUR/USD,20090501 00:02:33.770,1.32451,1.32461
EUR/USD,20090501 00:02:33.774,1.32451,1.32461
EUR/USD,20090501 00:02:33.793,1.32451,1.32463
EUR/USD,20090501 00:02:34.034,1.32451,1.32459
EUR/USD,20090501 00:02:34.519,1.32451,1.32461
EUR/USD,20090501 00:02:34.570,1.32451,1.32463
EUR/USD,20090501 00:02:34.756,1.3245,1.32461
EUR/USD,20090501 00:02:34.757,1.3245,1.32457
EUR/USD,20090501 00:02:35.507,1.32452,1.32457
EUR/USD,20090501 00:02:35.508,1.32451,1.32459
EUR/USD,20090501 00:02:36.025,1.32457,1.32461
EUR/USD,20090501 00:02:36.039,1.32458,1.32461
EUR/USD,20090501 00:02:36.040,1.3246,1.32461
EUR/USD,20090501 00:02:45.757,1.3246,1.32466
EUR/USD,20090501 00:02:45.758,1.3246,1.32464
EUR/USD,20090501 00:02:45.760,1.3246,1.32468
EUR/USD,20090501 00:02:45.780,1.32458,1.32468
EUR/USD,20090501 00:02:45.780,1.32453,1.32467
EUR/USD,20090501 00:02:45.821,1.32453,1.32466
EUR/USD,20090501 00:02:45.862,1.32453,1.32465
EUR/USD,20090501 00:02:48.378,1.32453,1.32466
EUR/USD,20090501 00:02:51.760,1.32453,1.32464
EUR/USD,20090501 00:02:51.763,1.32451,1.32465
EUR/USD,20090501 00:02:51.882,1.32451,1.32464
EUR/USD,20090501 00:02:58.018,1.32457,1.32462
EUR/USD,20090501 00:02:58.019,1.32457,1.32464
EUR/USD,20090501 00:02:58.025,1.32456,1.32463
EUR/USD,20090501 00:02:58.036,1.3246,1.32463
EUR/USD,20090501 00:02:58.512,1.32462,1.32466
EUR/USD,20090501 00:02:58.514,1.32461,1.32468
EUR/USD,20090501 00:03:18.015,1.32466,1.32471
EUR/USD,20090501 00:03:18.016,1.32466,1.32474
EUR/USD,20090501 00:03:18.291,1.3247,1.32474
EUR/USD,20090501 00:03:18.292,1.3247,1.32475
EUR/USD,20090501 00:03:18.515,1.32471,1.32475
EUR/USD,20090501 00:03:18.520,1.3247,1.32476
EUR/USD,20090501 00:03:22.759,1.32473,1.32479
EUR/USD,20090501 00:03:23.039,1.32473,1.3248
EUR/USD,20090501 00:03:23.261,1.32474,1.32483
EUR/USD,20090501 00:03:23.301,1.32475,1.32482
EUR/USD,20090501 00:03:33.013,1.32477,1.32484
EUR/USD,20090501 00:03:35.763,1.32482,1.32484
EUR/USD,20090501 00:03:35.764,1.3248,1.32484
EUR/USD,20090501 00:03:35.782,1.3248,1.32487
EUR/USD,20090501 00:03:35.897,1.3248,1.32489
EUR/USD,20090501 00:03:35.935,1.3248,1.32488
EUR/USD,20090501 00:03:36.246,1.3248,1.32489
EUR/USD,20090501 00:03:36.761,1.32489,1.32489
EUR/USD,20090501 00:03:36.775,1.32489,1.32491
EUR/USD,20090501 00:03:36.779,1.32489,1.32491
EUR/USD,20090501 00:03:38.758,1.32492,1.32496
EUR/USD,20090501 00:03:38.759,1.3249,1.32496
EUR/USD,20090501 00:03:38.780,1.3249,1.32497
EUR/USD,20090501 00:03:38.811,1.32491,1.32497
EUR/USD,20090501 00:03:39.034,1.3249,1.32497
EUR/USD,20090501 00:03:39.092,1.3249,1.32502
EUR/USD,20090501 00:03:39.194,1.3249,1.32501
EUR/USD,20090501 00:03:39.373,1.3249,1.32502
EUR/USD,20090501 00:03:39.509,1.32495,1.32501
EUR/USD,20090501 00:03:39.510,1.32495,1.32502
EUR/USD,20090501 00:03:39.511,1.32493,1.32502
EUR/USD,20090501 00:03:39.774,1.325,1.32502
EUR/USD,20090501 00:03:39.816,1.325,1.32502
EUR/USD,20090501 00:03:40.017,1.325,1.32504
EUR/USD,20090501 00:03:40.019,1.325,1.32505
EUR/USD,20090501 00:03:43.509,1.32502,1.32506
EUR/USD,20090501 00:03:43.510,1.32501,1.32506
EUR/USD,20090501 00:03:43.575,1.32501,1.32508
EUR/USD,20090501 00:03:43.762,1.32503,1.32511
EUR/USD,20090501 00:03:43.786,1.32506,1.32511
EUR/USD,20090501 00:03:44.044,1.32503,1.32511
EUR/USD,20090501 00:03:44.051,1.32503,1.32511
EUR/USD,20090501 00:03:44.316,1.32502,1.3251
EUR/USD,20090501 00:03:45.278,1.32502,1.32509
EUR/USD,20090501 00:03:46.032,1.32502,1.32509
EUR/USD,20090501 00:03:46.077,1.32502,1.3251
EUR/USD,20090501 00:03:47.513,1.32506,1.32513
EUR/USD,20090501 00:03:47.514,1.32507,1.32516
EUR/USD,20090501 00:03:47.530,1.32508,1.32516
EUR/USD,20090501 00:03:47.531,1.3251,1.32516
EUR/USD,20090501 00:03:47.758,1.32512,1.32516
EUR/USD,20090501 00:03:47.760,1.32511,1.32518
EUR/USD,20090501 00:03:47.853,1.32512,1.32518
EUR/USD,20090501 00:03:49.512,1.32512,1.32521
EUR/USD,20090501 00:03:49.513,1.32512,1.32519
EUR/USD,20090501 00:03:49.544,1.3251,1.32519
EUR/USD,20090501 00:03:49.594,1.3251,1.32517
EUR/USD,20090501 00:03:49.650,1.3251,1.32519
EUR/USD,20090501 00:03:50.688,1.3251,1.32519
EUR/USD,20090501 00:03:51.258,1.32512,1.32517
EUR/USD,20090501 00:03:51.259,1.32512,1.32519
EUR/USD,20090501 00:03:51.272,1.32512,1.3252
EUR/USD,20090501 00:03:51.292,1.32512,1.32521
EUR/USD,20090501 00:03:51.513,1.32517,1.32521
EUR/USD,20090501 00:03:51.514,1.32516,1.32523
EUR/USD,20090501 00:03:51.534,1.32518,1.32523
EUR/USD,20090501 00:03:51.736,1.3252,1.32523
EUR/USD,20090501 00:03:51.995,1.3252,1.32524
EUR/USD,20090501 00:03:52.562,1.3252,1.32522
EUR/USD,20090501 00:03:54.513,1.32522,1.32522
EUR/USD,20090501 00:03:54.617,1.32522,1.32526
EUR/USD,20090501 00:03:55.013,1.32527,1.32531
EUR/USD,20090501 00:03:55.015,1.32525,1.32533
EUR/USD,20090501 00:03:55.090,1.32525,1.32531
EUR/USD,20090501 00:03:55.732,1.32525,1.32533
EUR/USD,20090501 00:03:55.761,1.32529,1.32535
EUR/USD,20090501 00:03:55.763,1.32528,1.32535
EUR/USD,20090501 00:03:55.786,1.3253,1.32535
EUR/USD,20090501 00:03:56.814,1.3253,1.32536
EUR/USD,20090501 00:03:57.904,1.3253,1.32534
EUR/USD,20090501 00:03:58.791,1.3253,1.32533
EUR/USD,20090501 00:03:59.786,1.32522,1.32533
EUR/USD,20090501 00:03:59.790,1.32522,1.32531
EUR/USD,20090501 00:03:59.823,1.32522,1.32529
EUR/USD,20090501 00:03:59.888,1.32522,1.3253
EUR/USD,20090501 00:04:00.091,1.32522,1.32534
EUR/USD,20090501 00:04:00.176,1.32522,1.32528
EUR/USD,20090501 00:04:00.408,1.32522,1.32531
EUR/USD,20090501 00:04:00.453,1.32522,1.32536
EUR/USD,20090501 00:04:00.481,1.32527,1.32533
EUR/USD,20090501 00:04:00.482,1.32525,1.32534
EUR/USD,20090501 00:04:01.023,1.32531,1.32536
EUR/USD,20090501 00:04:01.025,1.32529,1.32537
EUR/USD,20090501 00:04:01.327,1.32531,1.32539
EUR/USD,20090501 00:04:02.509,1.32528,1.32539
EUR/USD,20090501 00:04:02.510,1.32528,1.32537
EUR/USD,20090501 00:04:02.511,1.32527,1.32539
EUR/USD,20090501 00:04:02.758,1.32524,1.32537
EUR/USD,20090501 00:04:02.759,1.32523,1.32535
EUR/USD,20090501 00:04:02.774,1.32523,1.32529
EUR/USD,20090501 00:04:03.435,1.32523,1.32528
EUR/USD,20090501 00:04:03.443,1.32523,1.32529
EUR/USD,20090501 00:04:03.456,1.32523,1.32528
EUR/USD,20090501 00:04:04.509,1.32522,1.32528
EUR/USD,20090501 00:04:06.012,1.3252,1.32528
EUR/USD,20090501 00:04:06.027,1.32518,1.32528
EUR/USD,20090501 00:04:06.030,1.32517,1.32527
EUR/USD,20090501 00:04:06.267,1.32514,1.32527
EUR/USD,20090501 00:04:06.272,1.32512,1.32527
EUR/USD,20090501 00:04:06.293,1.32512,1.32524
EUR/USD,20090501 00:04:06.381,1.32512,1.32526
EUR/USD,20090501 00:04:06.515,1.32509,1.32523
EUR/USD,20090501 00:04:06.516,1.32509,1.32518
EUR/USD,20090501 00:04:06.517,1.32507,1.32524
EUR/USD,20090501 00:04:06.543,1.32507,1.32519
EUR/USD,20090501 00:04:06.554,1.32507,1.32517
EUR/USD,20090501 00:04:06.762,1.32513,1.32517
EUR/USD,20090501 00:04:06.763,1.32511,1.32517
EUR/USD,20090501 00:04:06.795,1.32511,1.32519
EUR/USD,20090501 00:04:07.261,1.3251,1.32519
EUR/USD,20090501 00:04:07.281,1.3251,1.32519
EUR/USD,20090501 00:04:07.285,1.32508,1.32519
EUR/USD,20090501 00:04:07.289,1.32507,1.32517
EUR/USD,20090501 00:04:07.381,1.32507,1.32517
EUR/USD,20090501 00:04:07.533,1.32508,1.32517
EUR/USD,20090501 00:04:07.541,1.3251,1.32517
EUR/USD,20090501 00:04:07.568,1.3251,1.32518
EUR/USD,20090501 00:04:07.827,1.32512,1.32518
EUR/USD,20090501 00:04:07.828,1.3251,1.32518
EUR/USD,20090501 00:04:08.049,1.3251,1.32517
EUR/USD,20090501 00:04:08.278,1.3251,1.32518
EUR/USD,20090501 00:04:08.394,1.3251,1.32517
EUR/USD,20090501 00:04:08.411,1.3251,1.32519
EUR/USD,20090501 00:04:09.075,1.32512,1.32519
EUR/USD,20090501 00:04:09.172,1.32512,1.32518
EUR/USD,20090501 00:04:09.512,1.3251,1.32518
EUR/USD,20090501 00:04:09.532,1.32508,1.32518
EUR/USD,20090501 00:04:09.553,1.32508,1.32516
EUR/USD,20090501 00:04:09.556,1.32507,1.32516
EUR/USD,20090501 00:04:09.576,1.32509,1.32516
EUR/USD,20090501 00:04:11.014,1.32504,1.32516
EUR/USD,20090501 00:04:11.015,1.32503,1.32514
EUR/USD,20090501 00:04:11.033,1.32503,1.32509
EUR/USD,20090501 00:04:11.041,1.32502,1.32509
EUR/USD,20090501 00:04:13.018,1.325,1.32509
EUR/USD,20090501 00:04:13.033,1.32499,1.3251
EUR/USD,20090501 00:04:13.039,1.32499,1.32509
EUR/USD,20090501 00:04:13.049,1.32499,1.32507
EUR/USD,20090501 00:04:13.520,1.32494,1.32507
EUR/USD,20090501 00:04:13.521,1.32492,1.32507
EUR/USD,20090501 00:04:13.536,1.32492,1.325
EUR/USD,20090501 00:04:13.761,1.32494,1.325
EUR/USD,20090501 00:04:13.763,1.32501,1.32501
EUR/USD,20090501 00:04:13.786,1.32505,1.32514
EUR/USD,20090501 00:04:13.825,1.32505,1.32513
EUR/USD,20090501 00:04:14.016,1.32505,1.3251
EUR/USD,20090501 00:04:14.018,1.32505,1.32513
EUR/USD,20090501 00:04:14.041,1.32506,1.32513
EUR/USD,20090501 00:04:14.055,1.32496,1.32513
EUR/USD,20090501 00:04:14.091,1.32496,1.32513
EUR/USD,20090501 00:04:14.292,1.32496,1.32507
EUR/USD,20090501 00:04:14.327,1.32497,1.32505
EUR/USD,20090501 00:04:14.761,1.32492,1.32508
EUR/USD,20090501 00:04:14.762,1.32492,1.32504
EUR/USD,20090501 00:04:14.794,1.32492,1.32499
EUR/USD,20090501 00:04:14.829,1.32494,1.32499
EUR/USD,20090501 00:04:15.259,1.3249,1.32499
EUR/USD,20090501 00:04:15.260,1.3249,1.32498
EUR/USD,20090501 00:04:15.269,1.32491,1.32498
EUR/USD,20090501 00:04:15.761,1.32491,1.32496
EUR/USD,20090501 00:04:15.762,1.32491,1.32498
EUR/USD,20090501 00:04:15.775,1.32488,1.32498
EUR/USD,20090501 00:04:15.779,1.32483,1.32497
EUR/USD,20090501 00:04:15.844,1.32483,1.32495
EUR/USD,20090501 00:04:17.378,1.32483,1.32497
EUR/USD,20090501 00:04:19.259,1.32487,1.32494
EUR/USD,20090501 00:04:19.260,1.32486,1.32495
EUR/USD,20090501 00:04:20.018,1.3249,1.32496
EUR/USD,20090501 00:04:20.019,1.32489,1.32498
EUR/USD,20090501 00:04:21.264,1.32493,1.32499
EUR/USD,20090501 00:04:21.265,1.32491,1.32501
EUR/USD,20090501 00:04:30.259,1.32495,1.32502
EUR/USD,20090501 00:04:30.260,1.32494,1.32503
EUR/USD,20090501 00:04:30.826,1.32497,1.32504
EUR/USD,20090501 00:04:30.827,1.32496,1.32506
EUR/USD,20090501 00:04:32.015,1.325,1.32506
EUR/USD,20090501 00:04:32.017,1.32499,1.32506
EUR/USD,20090501 00:04:32.026,1.325,1.32506
EUR/USD,20090501 00:04:32.082,1.325,1.32508
EUR/USD,20090501 00:04:32.262,1.325,1.32508
EUR/USD,20090501 00:04:32.278,1.32501,1.32508
EUR/USD,20090501 00:04:32.531,1.32499,1.32508
EUR/USD,20090501 00:04:32.534,1.32499,1.32507
EUR/USD,20090501 00:04:32.593,1.32499,1.32505
EUR/USD,20090501 00:04:32.760,1.32503,1.32505
EUR/USD,20090501 00:04:32.761,1.32501,1.32505
EUR/USD,20090501 00:04:32.841,1.32501,1.32507
EUR/USD,20090501 00:04:33.071,1.32501,1.32511
EUR/USD,20090501 00:04:33.297,1.32501,1.3251
EUR/USD,20090501 00:04:38.257,1.32501,1.32511
EUR/USD,20090501 00:04:44.510,1.32499,1.32512
EUR/USD,20090501 00:04:44.511,1.32498,1.32513
EUR/USD,20090501 00:04:44.527,1.32498,1.3251
EUR/USD,20090501 00:04:44.529,1.32498,1.32509
EUR/USD,20090501 00:04:44.535,1.32497,1.32508
EUR/USD,20090501 00:04:44.566,1.32497,1.32506
EUR/USD,20090501 00:04:44.862,1.32497,1.32504
EUR/USD,20090501 00:04:44.873,1.32497,1.32506
EUR/USD,20090501 00:04:45.018,1.32503,1.32506
EUR/USD,20090501 00:04:45.111,1.32503,1.32508
EUR/USD,20090501 00:04:45.165,1.32503,1.32507
EUR/USD,20090501 00:04:45.562,1.32503,1.32506
EUR/USD,20090501 00:04:45.776,1.32503,1.32507
EUR/USD,20090501 00:04:45.831,1.32503,1.32508
EUR/USD,20090501 00:04:46.016,1.32509,1.32509
EUR/USD,20090501 00:04:46.017,1.32507,1.32509
EUR/USD,20090501 00:04:46.031,1.32507,1.32509
EUR/USD,20090501 00:04:46.044,1.32507,1.32513
EUR/USD,20090501 00:04:52.760,1.32514,1.32516
EUR/USD,20090501 00:04:52.762,1.32512,1.32516
EUR/USD,20090501 00:04:52.907,1.32512,1.32517
EUR/USD,20090501 00:04:53.327,1.32516,1.32517
EUR/USD,20090501 00:04:53.328,1.32516,1.32523
EUR/USD,20090501 00:04:53.329,1.32515,1.32523
EUR/USD,20090501 00:04:53.675,1.32515,1.32522
EUR/USD,20090501 00:04:53.828,1.32514,1.32522
EUR/USD,20090501 00:04:54.015,1.32512,1.32522
EUR/USD,20090501 00:04:54.758,1.32518,1.32522
EUR/USD,20090501 00:04:54.759,1.32516,1.32522
EUR/USD,20090501 00:04:54.811,1.32516,1.32523
EUR/USD,20090501 00:04:55.261,1.32514,1.32523
EUR/USD,20090501 00:04:55.262,1.32512,1.32523
EUR/USD,20090501 00:04:55.276,1.32512,1.32519
EUR/USD,20090501 00:04:55.311,1.32512,1.32518
EUR/USD,20090501 00:04:55.659,1.32512,1.32517
EUR/USD,20090501 00:05:00.096,1.32512,1.32516
EUR/USD,20090501 00:05:01.261,1.3251,1.32516
EUR/USD,20090501 00:05:01.288,1.32509,1.32516
EUR/USD,20090501 00:05:01.511,1.32504,1.32516
EUR/USD,20090501 00:05:01.512,1.32503,1.32516
EUR/USD,20090501 00:05:01.513,1.32503,1.32514
EUR/USD,20090501 00:05:01.530,1.32503,1.32509
EUR/USD,20090501 00:05:01.532,1.32502,1.32509
EUR/USD,20090501 00:05:02.258,1.32509,1.32509
EUR/USD,20090501 00:05:02.259,1.32507,1.32509
EUR/USD,20090501 00:05:02.271,1.32507,1.32511
EUR/USD,20090501 00:05:02.284,1.32507,1.32512
EUR/USD,20090501 00:05:02.306,1.32507,1.32514
EUR/USD,20090501 00:05:03.014,1.32504,1.32516
EUR/USD,20090501 00:05:03.015,1.32504,1.32516
EUR/USD,20090501 00:05:03.025,1.32504,1.32509
EUR/USD,20090501 00:05:03.041,1.32502,1.32509
EUR/USD,20090501 00:05:05.763,1.325,1.32509
EUR/USD,20090501 00:05:05.764,1.325,1.32508
EUR/USD,20090501 00:05:05.769,1.325,1.32509
EUR/USD,20090501 00:05:05.783,1.325,1.3251
EUR/USD,20090501 00:05:05.787,1.32498,1.32509
EUR/USD,20090501 00:05:05.792,1.32497,1.32507
EUR/USD,20090501 00:05:06.383,1.32497,1.32508
EUR/USD,20090501 00:05:12.013,1.32494,1.32508
EUR/USD,20090501 00:05:12.015,1.32494,1.32508
EUR/USD,20090501 00:05:12.032,1.32492,1.32501
EUR/USD,20090501 00:05:12.034,1.32492,1.325
EUR/USD,20090501 00:05:12.035,1.32492,1.32499
EUR/USD,20090501 00:05:12.274,1.32492,1.325
EUR/USD,20090501 00:05:13.764,1.32492,1.32499
EUR/USD,20090501 00:05:13.766,1.32492,1.325
EUR/USD,20090501 00:05:14.511,1.32491,1.325
EUR/USD,20090501 00:05:14.519,1.3249,1.325
EUR/USD,20090501 00:05:14.521,1.3249,1.32499
EUR/USD,20090501 00:05:14.524,1.3249,1.325
EUR/USD,20090501 00:05:14.525,1.32491,1.325
EUR/USD,20090501 00:05:14.771,1.3249,1.325
EUR/USD,20090501 00:05:15.013,1.32495,1.325
EUR/USD,20090501 00:05:15.016,1.32493,1.325
EUR/USD,20090501 00:05:15.040,1.32493,1.32501
EUR/USD,20090501 00:05:15.071,1.32493,1.32502
EUR/USD,20090501 00:05:16.758,1.32497,1.32504
EUR/USD,20090501 00:05:19.509,1.32494,1.32506
EUR/USD,20090501 00:05:19.510,1.32493,1.32507
EUR/USD,20090501 00:05:19.525,1.32493,1.32499
EUR/USD,20090501 00:05:19.531,1.32492,1.32499
EUR/USD,20090501 00:05:30.760,1.32499,1.32499
EUR/USD,20090501 00:05:30.761,1.32497,1.32499
EUR/USD,20090501 00:05:30.779,1.32497,1.325
EUR/USD,20090501 00:05:30.826,1.32497,1.32504
EUR/USD,20090501 00:05:31.012,1.32494,1.32506
EUR/USD,20090501 00:05:31.013,1.32493,1.32506
EUR/USD,20090501 00:05:31.014,1.32493,1.32504
EUR/USD,20090501 00:05:31.032,1.32493,1.32499
EUR/USD,20090501 00:05:31.038,1.32492,1.32499
EUR/USD,20090501 00:05:31.040,1.32492,1.325
EUR/USD,20090501 00:05:31.270,1.32492,1.32499
EUR/USD,20090501 00:05:31.273,1.32492,1.325
EUR/USD,20090501 00:05:42.510,1.32491,1.325
EUR/USD,20090501 00:05:42.525,1.32488,1.325
EUR/USD,20090501 00:05:42.530,1.32487,1.32497
EUR/USD,20090501 00:05:42.845,1.32487,1.32498
EUR/USD,20090501 00:05:45.266,1.32487,1.32497
EUR/USD,20090501 00:05:55.336,1.32487,1.32498
EUR/USD,20090501 00:05:57.317,1.32487,1.32497
EUR/USD,20090501 00:05:58.065,1.32487,1.32498
EUR/USD,20090501 00:06:13.571,1.32487,1.32496
EUR/USD,20090501 00:06:19.306,1.32487,1.32497
EUR/USD,20090501 00:06:20.763,1.32487,1.32496
EUR/USD,20090501 00:06:32.312,1.32487,1.32495
EUR/USD,20090501 00:06:37.520,1.32489,1.32495
EUR/USD,20090501 00:06:37.521,1.32487,1.32495
EUR/USD,20090501 00:06:43.013,1.32485,1.32495
EUR/USD,20090501 00:06:46.585,1.32485,1.32496
EUR/USD,20090501 00:06:48.064,1.32485,1.32495
EUR/USD,20090501 00:06:48.839,1.32485,1.32496
EUR/USD,20090501 00:06:52.287,1.32485,1.32495
EUR/USD,20090501 00:06:52.591,1.32485,1.32496
EUR/USD,20090501 00:06:53.309,1.32485,1.32494
EUR/USD,20090501 00:06:56.062,1.32485,1.32496
EUR/USD,20090501 00:06:57.066,1.32485,1.32497
EUR/USD,20090501 00:06:57.559,1.32485,1.32497
EUR/USD,20090501 00:07:08.062,1.32485,1.32495
EUR/USD,20090501 00:07:08.297,1.32485,1.32497
EUR/USD,20090501 00:07:15.409,1.32485,1.32496
EUR/USD,20090501 00:07:38.022,1.32487,1.32496
EUR/USD,20090501 00:07:38.024,1.32485,1.32496
EUR/USD,20090501 00:07:43.308,1.32485,1.32495
EUR/USD,20090501 00:07:46.585,1.32485,1.32497
EUR/USD,20090501 00:07:51.014,1.32491,1.32496
EUR/USD,20090501 00:07:51.015,1.32489,1.32497
EUR/USD,20090501 00:07:51.035,1.3249,1.32497
EUR/USD,20090501 00:07:51.071,1.3249,1.32498
EUR/USD,20090501 00:07:51.169,1.3249,1.32499
EUR/USD,20090501 00:07:51.278,1.3249,1.32499
EUR/USD,20090501 00:07:51.279,1.3249,1.32501
EUR/USD,20090501 00:07:51.291,1.32489,1.32501
EUR/USD,20090501 00:07:51.293,1.32489,1.32501
EUR/USD,20090501 00:07:51.511,1.32496,1.325
EUR/USD,20090501 00:07:51.512,1.32494,1.32506
EUR/USD,20090501 00:07:51.868,1.32495,1.32506
EUR/USD,20090501 00:07:52.259,1.32497,1.32506
EUR/USD,20090501 00:07:53.258,1.325,1.32509
EUR/USD,20090501 00:07:53.259,1.32502,1.32507
EUR/USD,20090501 00:07:55.023,1.32507,1.32511
EUR/USD,20090501 00:07:55.024,1.32506,1.32512
EUR/USD,20090501 00:07:55.582,1.32511,1.32516
EUR/USD,20090501 00:07:55.583,1.32511,1.32517
EUR/USD,20090501 00:07:56.511,1.32513,1.32517
EUR/USD,20090501 00:07:56.517,1.32511,1.32517
EUR/USD,20090501 00:07:57.257,1.32511,1.32516
EUR/USD,20090501 00:07:57.570,1.32511,1.32517
EUR/USD,20090501 00:07:57.668,1.32511,1.32518
EUR/USD,20090501 00:07:58.079,1.32511,1.32521
EUR/USD,20090501 00:07:59.277,1.32511,1.32518
EUR/USD,20090501 00:07:59.515,1.32517,1.32518
EUR/USD,20090501 00:07:59.516,1.32516,1.32518
EUR/USD,20090501 00:07:59.601,1.32516,1.32523
EUR/USD,20090501 00:07:59.796,1.3253,1.32542
EUR/USD,20090501 00:07:59.874,1.3253,1.32544
EUR/USD,20090501 00:07:59.914,1.3253,1.32537
EUR/USD,20090501 00:08:00.024,1.3252,1.32526
EUR/USD,20090501 00:08:01.260,1.32522,1.32529
EUR/USD,20090501 00:08:01.261,1.32522,1.32531
EUR/USD,20090501 00:08:01.262,1.32521,1.32533
EUR/USD,20090501 00:08:03.279,1.3253,1.32533
EUR/USD,20090501 00:08:04.015,1.3253,1.32535
EUR/USD,20090501 00:08:04.016,1.32531,1.32533
EUR/USD,20090501 00:08:04.017,1.32531,1.32535
EUR/USD,20090501 00:08:04.032,1.32531,1.32543
EUR/USD,20090501 00:08:04.265,1.32528,1.32541
EUR/USD,20090501 00:08:04.267,1.32528,1.32543
EUR/USD,20090501 00:08:04.268,1.32528,1.32538
EUR/USD,20090501 00:08:04.280,1.32526,1.32538
EUR/USD,20090501 00:08:05.263,1.32532,1.32536
EUR/USD,20090501 00:08:05.264,1.32532,1.3254
EUR/USD,20090501 00:08:05.265,1.32531,1.32538
EUR/USD,20090501 00:08:05.832,1.32528,1.3254
EUR/USD,20090501 00:08:06.032,1.32529,1.3254
EUR/USD,20090501 00:08:06.058,1.32529,1.32541
EUR/USD,20090501 00:08:06.334,1.32529,1.32539
EUR/USD,20090501 00:08:06.476,1.32532,1.32537
EUR/USD,20090501 00:08:06.477,1.32531,1.32539
EUR/USD,20090501 00:08:06.478,1.32532,1.32539
EUR/USD,20090501 00:08:06.763,1.32522,1.32539
EUR/USD,20090501 00:08:06.764,1.32522,1.32534
EUR/USD,20090501 00:08:06.786,1.32522,1.32532
EUR/USD,20090501 00:08:06.901,1.32522,1.32529
EUR/USD,20090501 00:08:07.019,1.32519,1.32529
EUR/USD,20090501 00:08:07.020,1.32517,1.32529
EUR/USD,20090501 00:08:07.035,1.32517,1.32528
EUR/USD,20090501 00:08:07.263,1.32509,1.32528
EUR/USD,20090501 00:08:07.264,1.32508,1.32528
EUR/USD,20090501 00:08:07.265,1.32508,1.32519
EUR/USD,20090501 00:08:07.276,1.32507,1.32519
EUR/USD,20090501 00:08:07.282,1.32507,1.32516
EUR/USD,20090501 00:08:07.406,1.32507,1.32517
EUR/USD,20090501 00:08:07.761,1.32514,1.32517
EUR/USD,20090501 00:08:07.762,1.32512,1.32517
EUR/USD,20090501 00:08:07.788,1.32512,1.32519
EUR/USD,20090501 00:08:08.020,1.3251,1.32519
EUR/USD,20090501 00:08:08.054,1.3251,1.3252
EUR/USD,20090501 00:08:08.055,1.32507,1.32519
EUR/USD,20090501 00:08:08.075,1.32507,1.32516
EUR/USD,20090501 00:08:08.420,1.32507,1.32518
EUR/USD,20090501 00:08:08.763,1.3251,1.32518
EUR/USD,20090501 00:08:08.779,1.3251,1.32515
EUR/USD,20090501 00:08:08.783,1.3251,1.32514
EUR/USD,20090501 00:08:08.911,1.3251,1.32515
EUR/USD,20090501 00:08:09.018,1.32516,1.32517
EUR/USD,20090501 00:08:09.019,1.32514,1.32519
EUR/USD,20090501 00:08:09.184,1.32514,1.32515
EUR/USD,20090501 00:08:09.206,1.32514,1.32519
EUR/USD,20090501 00:08:09.302,1.32515,1.32523
EUR/USD,20090501 00:08:09.303,1.32515,1.32524
EUR/USD,20090501 00:08:09.512,1.3252,1.32524
EUR/USD,20090501 00:08:09.513,1.32519,1.32529
EUR/USD,20090501 00:08:09.682,1.32519,1.3253
EUR/USD,20090501 00:08:09.874,1.32519,1.32529
EUR/USD,20090501 00:08:10.260,1.32516,1.32529
EUR/USD,20090501 00:08:10.261,1.32515,1.32527
EUR/USD,20090501 00:08:10.335,1.32515,1.32524
EUR/USD,20090501 00:08:13.775,1.32515,1.32526
EUR/USD,20090501 00:08:15.035,1.32515,1.32526
EUR/USD,20090501 00:08:15.119,1.32515,1.32527
EUR/USD,20090501 00:08:15.333,1.32515,1.32524
EUR/USD,20090501 00:08:16.369,1.32515,1.32527
EUR/USD,20090501 00:08:16.760,1.32507,1.32525
EUR/USD,20090501 00:08:16.788,1.32504,1.3251
EUR/USD,20090501 00:08:18.011,1.32511,1.32511
EUR/USD,20090501 00:08:18.012,1.3251,1.32511
EUR/USD,20090501 00:08:18.085,1.3251,1.32514
EUR/USD,20090501 00:08:18.522,1.32513,1.32519
EUR/USD,20090501 00:08:18.523,1.32512,1.32519
EUR/USD,20090501 00:08:18.787,1.32512,1.32522
EUR/USD,20090501 00:08:19.288,1.32512,1.3252
EUR/USD,20090501 00:08:19.374,1.32512,1.32519
EUR/USD,20090501 00:08:19.829,1.32512,1.3252
EUR/USD,20090501 00:08:20.016,1.32517,1.3252
EUR/USD,20090501 00:08:20.021,1.32515,1.3252
EUR/USD,20090501 00:08:20.091,1.32515,1.32524
EUR/USD,20090501 00:08:22.014,1.32514,1.32524
EUR/USD,20090501 00:08:22.017,1.32512,1.32524
EUR/USD,20090501 00:08:22.036,1.32512,1.3252
EUR/USD,20090501 00:08:22.285,1.32512,1.3252
EUR/USD,20090501 00:08:22.330,1.32512,1.32525
EUR/USD,20090501 00:08:22.580,1.32517,1.32523
EUR/USD,20090501 00:08:22.581,1.32515,1.32524
EUR/USD,20090501 00:08:22.785,1.32515,1.3252
EUR/USD,20090501 00:08:23.057,1.32515,1.3252
EUR/USD,20090501 00:08:23.082,1.32519,1.3252
EUR/USD,20090501 00:08:23.083,1.32517,1.3252
EUR/USD,20090501 00:08:23.092,1.32517,1.32524
EUR/USD,20090501 00:08:23.236,1.32517,1.32519
EUR/USD,20090501 00:08:23.324,1.32517,1.32518
EUR/USD,20090501 00:08:23.409,1.32517,1.32524
EUR/USD,20090501 00:08:23.765,1.32516,1.32524
EUR/USD,20090501 00:08:23.766,1.32515,1.32524
EUR/USD,20090501 00:08:24.075,1.32515,1.32524
EUR/USD,20090501 00:08:27.759,1.32517,1.32524
EUR/USD,20090501 00:08:27.827,1.32517,1.32524
EUR/USD,20090501 00:08:28.032,1.32517,1.32524
EUR/USD,20090501 00:08:28.061,1.32517,1.32526
EUR/USD,20090501 00:08:28.265,1.32526,1.32526
EUR/USD,20090501 00:08:28.394,1.32526,1.32529
EUR/USD,20090501 00:08:28.512,1.32521,1.32536
EUR/USD,20090501 00:08:28.513,1.3252,1.32538
EUR/USD,20090501 00:08:28.516,1.3252,1.32532
EUR/USD,20090501 00:08:29.511,1.32527,1.3253
EUR/USD,20090501 00:08:29.512,1.32526,1.32534
EUR/USD,20090501 00:08:29.538,1.32526,1.32538
EUR/USD,20090501 00:08:30.510,1.32529,1.32536
EUR/USD,20090501 00:08:30.511,1.32528,1.32538
EUR/USD,20090501 00:08:32.511,1.32526,1.32538
EUR/USD,20090501 00:08:32.512,1.32525,1.32537
EUR/USD,20090501 00:08:33.539,1.32525,1.32536
EUR/USD,20090501 00:08:33.563,1.32525,1.32535
EUR/USD,20090501 00:08:34.104,1.32525,1.32537
EUR/USD,20090501 00:08:34.227,1.32525,1.32535
EUR/USD,20090501 00:08:34.353,1.32525,1.32536
EUR/USD,20090501 00:08:34.512,1.32524,1.32535
EUR/USD,20090501 00:08:34.517,1.32522,1.32536
EUR/USD,20090501 00:08:34.518,1.32522,1.32534
EUR/USD,20090501 00:08:34.532,1.32522,1.32532
EUR/USD,20090501 00:08:34.760,1.32528,1.32532
EUR/USD,20090501 00:08:34.765,1.32527,1.32532
EUR/USD,20090501 00:08:34.803,1.32527,1.32534
EUR/USD,20090501 00:09:25.759,1.3253,1.32537
EUR/USD,20090501 00:09:25.760,1.32529,1.32539
EUR/USD,20090501 00:09:29.771,1.32528,1.32539
EUR/USD,20090501 00:09:29.776,1.32526,1.32541
EUR/USD,20090501 00:09:29.777,1.32526,1.32538
EUR/USD,20090501 00:09:29.792,1.32526,1.32536
EUR/USD,20090501 00:09:29.882,1.32526,1.32535
EUR/USD,20090501 00:09:30.535,1.32527,1.32538
EUR/USD,20090501 00:09:30.539,1.3253,1.32538
EUR/USD,20090501 00:09:30.782,1.32527,1.32538
EUR/USD,20090501 00:09:30.784,1.32527,1.32536
EUR/USD,20090501 00:09:30.875,1.32527,1.32537
EUR/USD,20090501 00:09:30.971,1.32526,1.32537
EUR/USD,20090501 00:09:31.054,1.3253,1.32537
EUR/USD,20090501 00:09:31.059,1.3253,1.32538
EUR/USD,20090501 00:09:31.283,1.32527,1.32538
EUR/USD,20090501 00:09:31.314,1.32526,1.32536
EUR/USD,20090501 00:09:31.405,1.32526,1.32535
EUR/USD,20090501 00:09:32.017,1.32525,1.32535
EUR/USD,20090501 00:09:32.018,1.32524,1.32535
EUR/USD,20090501 00:09:32.902,1.32524,1.32536
EUR/USD,20090501 00:09:33.040,1.32524,1.32529
EUR/USD,20090501 00:09:33.287,1.32524,1.3253
EUR/USD,20090501 00:09:33.290,1.32524,1.32535
EUR/USD,20090501 00:09:33.337,1.32524,1.32536
EUR/USD,20090501 00:09:33.373,1.32524,1.32536
EUR/USD,20090501 00:09:33.512,1.32527,1.32534
EUR/USD,20090501 00:09:33.513,1.32526,1.32536
EUR/USD,20090501 00:09:33.533,1.3253,1.32536
EUR/USD,20090501 00:09:33.784,1.32527,1.32536
EUR/USD,20090501 00:09:33.801,1.32526,1.32536
EUR/USD,20090501 00:09:33.879,1.32526,1.32535
EUR/USD,20090501 00:09:35.285,1.3253,1.32535
EUR/USD,20090501 00:09:35.290,1.3253,1.32536
EUR/USD,20090501 00:09:35.538,1.32528,1.32536
EUR/USD,20090501 00:09:35.608,1.32526,1.32536
EUR/USD,20090501 00:09:35.761,1.3253,1.32536
EUR/USD,20090501 00:09:35.762,1.32528,1.32536
EUR/USD,20090501 00:09:35.775,1.32528,1.32538
EUR/USD,20090501 00:09:36.263,1.32533,1.32539
EUR/USD,20090501 00:09:36.264,1.32531,1.3254
EUR/USD,20090501 00:09:40.016,1.32535,1.32542
EUR/USD,20090501 00:09:40.018,1.32534,1.32543
EUR/USD,20090501 00:09:41.760,1.32538,1.32544
EUR/USD,20090501 00:09:41.762,1.32536,1.32546
EUR/USD,20090501 00:09:42.261,1.32544,1.32547
EUR/USD,20090501 00:09:42.262,1.32544,1.32548
EUR/USD,20090501 00:09:42.263,1.32542,1.32548
EUR/USD,20090501 00:09:42.292,1.32542,1.32548
EUR/USD,20090501 00:09:42.768,1.32552,1.32553
EUR/USD,20090501 00:09:42.769,1.32551,1.32562
EUR/USD,20090501 00:09:42.793,1.32551,1.32563
EUR/USD,20090501 00:09:42.978,1.32551,1.32559
EUR/USD,20090501 00:09:43.023,1.32556,1.32559
EUR/USD,20090501 00:09:43.031,1.32557,1.32559
EUR/USD,20090501 00:09:43.041,1.32561,1.32561
EUR/USD,20090501 00:09:43.044,1.32557,1.32559
EUR/USD,20090501 00:09:43.052,1.3256,1.32561
EUR/USD,20090501 00:09:43.287,1.32558,1.32561
EUR/USD,20090501 00:09:43.370,1.32557,1.32561
EUR/USD,20090501 00:09:43.530,1.32561,1.32566
EUR/USD,20090501 00:09:43.533,1.3256,1.32568
EUR/USD,20090501 00:09:44.016,1.32568,1.3257
EUR/USD,20090501 00:09:44.017,1.32568,1.32574
EUR/USD,20090501 00:09:44.018,1.32566,1.32572
EUR/USD,20090501 00:09:44.294,1.32566,1.3257
EUR/USD,20090501 00:09:44.535,1.32566,1.3257
EUR/USD,20090501 00:09:44.535,1.32566,1.32572
EUR/USD,20090501 00:09:44.761,1.32572,1.32577
EUR/USD,20090501 00:09:44.763,1.32571,1.32578
EUR/USD,20090501 00:09:45.016,1.32577,1.32581
EUR/USD,20090501 00:09:46.526,1.32574,1.32586
EUR/USD,20090501 00:09:46.528,1.32572,1.32587
EUR/USD,20090501 00:09:46.764,1.32579,1.32583
EUR/USD,20090501 00:09:46.765,1.32578,1.32584
EUR/USD,20090501 00:09:47.021,1.32587,1.32588
EUR/USD,20090501 00:09:47.764,1.32587,1.32599
EUR/USD,20090501 00:09:47.785,1.32597,1.32606
EUR/USD,20090501 00:09:47.787,1.326,1.32606
EUR/USD,20090501 00:09:48.526,1.326,1.32603
EUR/USD,20090501 00:09:48.527,1.326,1.32608
EUR/USD,20090501 00:09:48.549,1.32599,1.32608
EUR/USD,20090501 00:09:48.760,1.326,1.32608
EUR/USD,20090501 00:09:48.780,1.32597,1.32608
EUR/USD,20090501 00:09:48.785,1.32596,1.32608
EUR/USD,20090501 00:09:48.799,1.32592,1.32608
EUR/USD,20090501 00:09:49.285,1.32592,1.32605
EUR/USD,20090501 00:09:49.383,1.32592,1.32608
EUR/USD,20090501 00:09:49.520,1.32589,1.32603
EUR/USD,20090501 00:09:49.523,1.32588,1.32604
EUR/USD,20090501 00:09:49.790,1.3259,1.32604
EUR/USD,20090501 00:09:49.827,1.3259,1.32601
EUR/USD,20090501 00:09:49.912,1.3259,1.32595
EUR/USD,20090501 00:09:50.043,1.32583,1.32595
EUR/USD,20090501 00:09:50.069,1.32583,1.32592
EUR/USD,20090501 00:09:50.266,1.32592,1.32592
EUR/USD,20090501 00:09:50.268,1.32591,1.32592
EUR/USD,20090501 00:09:50.297,1.32591,1.32594
EUR/USD,20090501 00:09:50.467,1.32591,1.32592
EUR/USD,20090501 00:09:50.509,1.32591,1.32595
EUR/USD,20090501 00:09:50.519,1.32587,1.32601
EUR/USD,20090501 00:09:50.520,1.32586,1.32603
EUR/USD,20090501 00:09:50.521,1.32586,1.32598
EUR/USD,20090501 00:09:50.819,1.32586,1.32595
EUR/USD,20090501 00:09:51.048,1.32586,1.32597
EUR/USD,20090501 00:09:51.094,1.32586,1.32598
EUR/USD,20090501 00:09:51.271,1.32584,1.32596
EUR/USD,20090501 00:09:51.291,1.32584,1.32595
EUR/USD,20090501 00:09:51.376,1.32584,1.3259
EUR/USD,20090501 00:09:52.539,1.32584,1.32596
EUR/USD,20090501 00:09:52.762,1.32582,1.32593
EUR/USD,20090501 00:09:52.763,1.32581,1.32593
EUR/USD,20090501 00:09:53.035,1.32581,1.32592
EUR/USD,20090501 00:09:53.334,1.3258,1.32591
EUR/USD,20090501 00:09:53.335,1.3258,1.32589
EUR/USD,20090501 00:09:53.336,1.32578,1.3259
EUR/USD,20090501 00:09:53.514,1.32572,1.3259
EUR/USD,20090501 00:09:53.515,1.32572,1.32584
EUR/USD,20090501 00:09:53.516,1.32574,1.32589
EUR/USD,20090501 00:09:53.550,1.32574,1.32585
EUR/USD,20090501 00:09:53.777,1.32579,1.32583
EUR/USD,20090501 00:09:53.778,1.32578,1.32584
EUR/USD,20090501 00:09:53.779,1.32578,1.32585
EUR/USD,20090501 00:09:53.801,1.32578,1.3259
EUR/USD,20090501 00:09:54.040,1.32578,1.32586
EUR/USD,20090501 00:09:54.292,1.32578,1.3259
EUR/USD,20090501 00:09:54.758,1.32582,1.32588
EUR/USD,20090501 00:09:54.759,1.32581,1.3259
EUR/USD,20090501 00:09:54.760,1.32581,1.32592
EUR/USD,20090501 00:09:54.783,1.32581,1.32593
EUR/USD,20090501 00:09:55.058,1.32581,1.32592
EUR/USD,20090501 00:09:55.285,1.32581,1.32593
EUR/USD,20090501 00:09:55.765,1.32587,1.32591
EUR/USD,20090501 00:09:55.768,1.32586,1.32593
EUR/USD,20090501 00:09:56.764,1.32584,1.32596
EUR/USD,20090501 00:09:56.765,1.32582,1.32594
EUR/USD,20090501 00:09:58.263,1.32586,1.32593
EUR/USD,20090501 00:09:58.266,1.32584,1.32594
EUR/USD,20090501 00:09:58.267,1.32584,1.32596
EUR/USD,20090501 00:09:58.764,1.32588,1.32595
EUR/USD,20090501 00:09:58.833,1.32587,1.32596
EUR/USD,20090501 00:10:00.263,1.32589,1.32597
EUR/USD,20090501 00:10:00.265,1.3259,1.32597
EUR/USD,20090501 00:10:00.291,1.3259,1.32597
EUR/USD,20090501 00:10:01.021,1.32592,1.32599
EUR/USD,20090501 00:10:01.022,1.32591,1.32601
EUR/USD,20090501 00:10:02.263,1.32587,1.32603
EUR/USD,20090501 00:10:02.264,1.32589,1.32601
EUR/USD,20090501 00:10:02.279,1.32589,1.32599
EUR/USD,20090501 00:10:02.279,1.32589,1.32596
EUR/USD,20090501 00:10:02.393,1.32589,1.32597
EUR/USD,20090501 00:10:02.519,1.32593,1.32597
EUR/USD,20090501 00:10:02.523,1.32591,1.32597
EUR/USD,20090501 00:10:02.552,1.32591,1.32599
EUR/USD,20090501 00:10:03.017,1.3259,1.32599
EUR/USD,20090501 00:10:03.034,1.32587,1.32599
EUR/USD,20090501 00:10:03.052,1.32587,1.32596
EUR/USD,20090501 00:10:03.372,1.32587,1.32597
EUR/USD,20090501 00:10:04.019,1.32595,1.32597
EUR/USD,20090501 00:10:04.020,1.32597,1.32597
EUR/USD,20090501 00:10:04.065,1.32597,1.32601
EUR/USD,20090501 00:10:04.091,1.32597,1.32606
EUR/USD,20090501 00:10:04.270,1.32597,1.32606
EUR/USD,20090501 00:10:04.273,1.32597,1.32607
EUR/USD,20090501 00:10:04.300,1.32593,1.32596
EUR/USD,20090501 00:10:04.392,1.32593,1.32595
EUR/USD,20090501 00:10:04.412,1.32587,1.32595
EUR/USD,20090501 00:10:04.544,1.32587,1.326
EUR/USD,20090501 00:10:04.579,1.32587,1.32602
EUR/USD,20090501 00:10:04.884,1.32587,1.32598
EUR/USD,20090501 00:10:05.262,1.32586,1.32598
EUR/USD,20090501 00:10:05.265,1.32584,1.32598
EUR/USD,20090501 00:10:05.285,1.32584,1.32596
EUR/USD,20090501 00:10:05.383,1.32584,1.32597
EUR/USD,20090501 00:10:05.873,1.32584,1.32596
EUR/USD,20090501 00:10:06.262,1.32583,1.32595
EUR/USD,20090501 00:10:06.263,1.32582,1.32596
EUR/USD,20090501 00:10:06.339,1.32582,1.32594
EUR/USD,20090501 00:10:06.766,1.3258,1.32592
EUR/USD,20090501 00:10:06.767,1.3258,1.32594
EUR/USD,20090501 00:10:06.768,1.3258,1.32584
EUR/USD,20090501 00:10:06.784,1.32578,1.32579
EUR/USD,20090501 00:10:06.813,1.32577,1.32579
EUR/USD,20090501 00:10:06.863,1.32572,1.32579
EUR/USD,20090501 00:10:07.040,1.32572,1.32584
EUR/USD,20090501 00:10:07.334,1.32576,1.32583
EUR/USD,20090501 00:10:07.335,1.32575,1.32584
EUR/USD,20090501 00:10:08.016,1.32572,1.32587
EUR/USD,20090501 00:10:08.017,1.32572,1.32584
EUR/USD,20090501 00:10:08.518,1.32575,1.32584
EUR/USD,20090501 00:10:08.586,1.32577,1.32582
EUR/USD,20090501 00:10:09.263,1.32573,1.32586
EUR/USD,20090501 00:10:09.265,1.32572,1.32587
EUR/USD,20090501 00:10:09.266,1.32572,1.32584
EUR/USD,20090501 00:10:09.531,1.3258,1.32584
EUR/USD,20090501 00:10:09.834,1.3258,1.32582
EUR/USD,20090501 00:10:09.835,1.3258,1.32587
EUR/USD,20090501 00:10:10.277,1.32577,1.32587
EUR/USD,20090501 00:10:10.295,1.32575,1.32586
EUR/USD,20090501 00:10:10.339,1.32575,1.32586
EUR/USD,20090501 00:10:10.381,1.32575,1.32587
EUR/USD,20090501 00:10:10.437,1.32575,1.32587
EUR/USD,20090501 00:10:10.523,1.32574,1.32586
EUR/USD,20090501 00:10:10.524,1.32574,1.32583
EUR/USD,20090501 00:10:10.525,1.32572,1.32587
EUR/USD,20090501 00:10:10.526,1.32572,1.32584
EUR/USD,20090501 00:10:10.539,1.32572,1.32579
EUR/USD,20090501 00:10:11.526,1.32572,1.3258
EUR/USD,20090501 00:10:11.539,1.32572,1.32583
EUR/USD,20090501 00:10:11.584,1.32572,1.32584
EUR/USD,20090501 00:10:12.019,1.32572,1.32584
EUR/USD,20090501 00:10:12.020,1.32572,1.32578
EUR/USD,20090501 00:10:12.035,1.3257,1.32578
EUR/USD,20090501 00:10:12.132,1.3257,1.32578
EUR/USD,20090501 00:10:12.262,1.32572,1.32577
EUR/USD,20090501 00:10:12.264,1.32571,1.32578
EUR/USD,20090501 00:10:16.262,1.3257,1.32581
EUR/USD,20090501 00:10:16.265,1.3257,1.32583
EUR/USD,20090501 00:10:16.271,1.3257,1.32579
EUR/USD,20090501 00:10:16.782,1.3257,1.3258
EUR/USD,20090501 00:10:16.782,1.32572,1.32579
EUR/USD,20090501 00:10:16.783,1.32572,1.3258
EUR/USD,20090501 00:10:16.784,1.32571,1.3258
EUR/USD,20090501 00:10:16.790,1.32571,1.32581
EUR/USD,20090501 00:10:17.030,1.32571,1.32579
EUR/USD,20090501 00:10:17.544,1.32571,1.32581
EUR/USD,20090501 00:10:17.579,1.32571,1.32581
EUR/USD,20090501 00:10:18.277,1.32571,1.32579
EUR/USD,20090501 00:10:18.515,1.3257,1.32579
EUR/USD,20090501 00:10:20.270,1.3257,1.32578
EUR/USD,20090501 00:10:20.276,1.3257,1.32579
EUR/USD,20090501 00:10:20.299,1.32567,1.32579
EUR/USD,20090501 00:10:20.316,1.32565,1.3257
EUR/USD,20090501 00:10:20.347,1.32562,1.3257
EUR/USD,20090501 00:10:20.770,1.32562,1.3257
EUR/USD,20090501 00:10:20.771,1.32562,1.32568
EUR/USD,20090501 00:10:20.775,1.32562,1.3257
EUR/USD,20090501 00:10:20.803,1.32562,1.32569
EUR/USD,20090501 00:10:20.812,1.32562,1.32566
EUR/USD,20090501 00:10:20.845,1.32561,1.32566
EUR/USD,20090501 00:10:20.974,1.32557,1.32566
EUR/USD,20090501 00:10:21.042,1.32561,1.32566
EUR/USD,20090501 00:10:21.064,1.32561,1.3257
EUR/USD,20090501 00:10:22.017,1.32562,1.32568
EUR/USD,20090501 00:10:22.024,1.32561,1.32569
EUR/USD,20090501 00:10:22.263,1.3256,1.32571
EUR/USD,20090501 00:10:22.264,1.3256,1.32567
EUR/USD,20090501 00:10:22.265,1.3256,1.32573
EUR/USD,20090501 00:10:22.287,1.3256,1.3257
EUR/USD,20090501 00:10:22.288,1.32561,1.3257
EUR/USD,20090501 00:10:23.371,1.32561,1.32566
EUR/USD,20090501 00:10:23.542,1.32557,1.32559
EUR/USD,20090501 00:10:23.946,1.32552,1.32559
EUR/USD,20090501 00:10:24.028,1.32552,1.3256
EUR/USD,20090501 00:10:24.059,1.32552,1.32566
EUR/USD,20090501 00:10:24.377,1.32552,1.32568
EUR/USD,20090501 00:10:24.513,1.32557,1.32563
EUR/USD,20090501 00:10:24.515,1.32555,1.32564
EUR/USD,20090501 00:10:24.516,1.32555,1.32567
EUR/USD,20090501 00:10:24.778,1.32555,1.32559
EUR/USD,20090501 00:10:25.022,1.32554,1.32559
EUR/USD,20090501 00:10:25.024,1.32552,1.32559
EUR/USD,20090501 00:10:26.782,1.32552,1.3256
EUR/USD,20090501 00:10:26.787,1.32552,1.32565
EUR/USD,20090501 00:10:26.962,1.32552,1.32567
EUR/USD,20090501 00:10:27.394,1.32552,1.32564
EUR/USD,20090501 00:10:27.785,1.32552,1.32565
EUR/USD,20090501 00:10:27.873,1.32552,1.32564
EUR/USD,20090501 00:10:28.016,1.32551,1.32563
EUR/USD,20090501 00:10:28.017,1.32551,1.3256
EUR/USD,20090501 00:10:28.020,1.32549,1.32564
EUR/USD,20090501 00:10:28.259,1.32538,1.32561
EUR/USD,20090501 00:10:28.260,1.32538,1.32549
EUR/USD,20090501 00:10:28.261,1.32538,1.3256
EUR/USD,20090501 00:10:28.276,1.32538,1.32549
EUR/USD,20090501 00:10:28.280,1.32538,1.32546
EUR/USD,20090501 00:10:28.513,1.32543,1.32546
EUR/USD,20090501 00:10:28.514,1.32542,1.32546
EUR/USD,20090501 00:10:28.562,1.32542,1.3255
EUR/USD,20090501 00:10:29.046,1.32542,1.32553
EUR/USD,20090501 00:10:29.055,1.3255,1.32553
EUR/USD,20090501 00:10:29.235,1.3255,1.32554
EUR/USD,20090501 00:10:29.512,1.3255,1.32552
EUR/USD,20090501 00:10:29.513,1.3255,1.32554
EUR/USD,20090501 00:10:29.536,1.3256,1.32568
EUR/USD,20090501 00:10:29.759,1.32533,1.32556
EUR/USD,20090501 00:10:29.760,1.32533,1.32542
EUR/USD,20090501 00:10:29.761,1.32532,1.32544
EUR/USD,20090501 00:10:29.793,1.32532,1.32542
EUR/USD,20090501 00:10:29.878,1.32532,1.32544
EUR/USD,20090501 00:10:30.020,1.32537,1.32544
EUR/USD,20090501 00:10:30.043,1.32537,1.32546
EUR/USD,20090501 00:10:30.379,1.32537,1.32544
EUR/USD,20090501 00:10:34.265,1.32534,1.32544
EUR/USD,20090501 00:10:34.266,1.32536,1.32544
EUR/USD,20090501 00:10:34.762,1.3253,1.32544
EUR/USD,20090501 00:10:34.765,1.3253,1.32539
EUR/USD,20090501 00:10:34.772,1.32528,1.32539
EUR/USD,20090501 00:10:34.781,1.32528,1.32538
EUR/USD,20090501 00:10:34.875,1.32528,1.32539
EUR/USD,20090501 00:10:34.887,1.32527,1.32539
EUR/USD,20090501 00:10:35.265,1.32531,1.32537
EUR/USD,20090501 00:10:35.268,1.3253,1.32539
EUR/USD,20090501 00:10:35.546,1.3253,1.32538
EUR/USD,20090501 00:10:35.778,1.32527,1.32538
EUR/USD,20090501 00:10:35.779,1.32528,1.32538
EUR/USD,20090501 00:10:35.902,1.32528,1.32534
EUR/USD,20090501 00:10:36.261,1.32523,1.32534
EUR/USD,20090501 00:10:36.264,1.32522,1.32534
EUR/USD,20090501 00:10:36.279,1.32522,1.32535
EUR/USD,20090501 00:10:36.387,1.32522,1.32529
EUR/USD,20090501 00:10:36.877,1.32522,1.32534
EUR/USD,20090501 00:10:38.391,1.32522,1.32539
EUR/USD,20090501 00:10:41.511,1.3253,1.32532
EUR/USD,20090501 00:10:41.512,1.32528,1.32534
EUR/USD,20090501 00:10:42.017,1.32527,1.32536
EUR/USD,20090501 00:10:42.019,1.32525,1.32536
EUR/USD,20090501 00:10:43.787,1.32525,1.32538
EUR/USD,20090501 00:10:43.841,1.32525,1.3254
EUR/USD,20090501 00:10:43.877,1.32525,1.32539
EUR/USD,20090501 00:10:44.515,1.3253,1.32536
EUR/USD,20090501 00:10:46.015,1.32532,1.32539
EUR/USD,20090501 00:10:46.017,1.3253,1.3254
EUR/USD,20090501 00:10:46.018,1.3253,1.32542
EUR/USD,20090501 00:10:53.765,1.32533,1.32542
EUR/USD,20090501 00:10:54.334,1.32538,1.32543
EUR/USD,20090501 00:10:54.336,1.32536,1.32543
EUR/USD,20090501 00:10:54.357,1.32536,1.32545
EUR/USD,20090501 00:10:54.518,1.32542,1.32545
EUR/USD,20090501 00:10:54.520,1.32541,1.32545
EUR/USD,20090501 00:10:54.551,1.32541,1.32548
EUR/USD,20090501 00:10:55.027,1.32546,1.32551
EUR/USD,20090501 00:10:55.028,1.32545,1.32552
EUR/USD,20090501 00:10:55.050,1.32545,1.32553
EUR/USD,20090501 00:10:59.516,1.32542,1.32556
EUR/USD,20090501 00:10:59.542,1.32542,1.3255
EUR/USD,20090501 00:10:59.543,1.32542,1.32549
EUR/USD,20090501 00:11:01.773,1.32546,1.32549
EUR/USD,20090501 00:11:01.774,1.32547,1.32549
EUR/USD,20090501 00:11:01.791,1.32547,1.3255
EUR/USD,20090501 00:11:01.812,1.32547,1.32552
EUR/USD,20090501 00:11:01.855,1.32547,1.32553
EUR/USD,20090501 00:11:04.765,1.32544,1.32556
EUR/USD,20090501 00:11:04.777,1.32544,1.32549
EUR/USD,20090501 00:11:06.264,1.3254,1.32549
EUR/USD,20090501 00:11:06.283,1.32537,1.3255
EUR/USD,20090501 00:11:06.284,1.32537,1.32546
EUR/USD,20090501 00:11:10.517,1.32542,1.32546
EUR/USD,20090501 00:11:10.520,1.3254,1.32546
EUR/USD,20090501 00:11:10.559,1.3254,1.32549
EUR/USD,20090501 00:11:10.778,1.3254,1.32549
EUR/USD,20090501 00:11:11.036,1.32541,1.32549
EUR/USD,20090501 00:11:11.038,1.3254,1.32549
EUR/USD,20090501 00:11:11.259,1.32544,1.32551
EUR/USD,20090501 00:11:11.260,1.32543,1.32552
EUR/USD,20090501 00:11:12.017,1.32547,1.32553
EUR/USD,20090501 00:11:12.516,1.32547,1.32562
EUR/USD,20090501 00:11:12.518,1.32556,1.32558
EUR/USD,20090501 00:11:12.519,1.32556,1.32562
EUR/USD,20090501 00:11:12.550,1.32556,1.32565
EUR/USD,20090501 00:11:12.652,1.32556,1.32568
EUR/USD,20090501 00:11:12.736,1.32556,1.32565
EUR/USD,20090501 00:11:13.023,1.32552,1.32565
EUR/USD,20090501 00:11:13.024,1.32554,1.32565
EUR/USD,20090501 00:11:13.060,1.32554,1.32562
EUR/USD,20090501 00:11:13.265,1.32562,1.32562
EUR/USD,20090501 00:11:13.270,1.32561,1.32562
EUR/USD,20090501 00:11:13.288,1.32561,1.32564
EUR/USD,20090501 00:11:13.520,1.32567,1.32571
EUR/USD,20090501 00:11:13.523,1.32566,1.32573
EUR/USD,20090501 00:11:13.764,1.32562,1.32576
EUR/USD,20090501 00:11:13.766,1.3256,1.32578
EUR/USD,20090501 00:11:13.768,1.3256,1.32572
EUR/USD,20090501 00:11:14.023,1.32568,1.32571
EUR/USD,20090501 00:11:14.024,1.32566,1.32572
EUR/USD,20090501 00:11:14.265,1.32564,1.32577
EUR/USD,20090501 00:11:14.266,1.32564,1.32573
EUR/USD,20090501 00:11:14.267,1.32562,1.32574
EUR/USD,20090501 00:11:14.287,1.32562,1.32572
EUR/USD,20090501 00:11:14.594,1.32562,1.32571
EUR/USD,20090501 00:11:15.575,1.32562,1.32572
EUR/USD,20090501 00:11:15.853,1.32562,1.32569
EUR/USD,20090501 00:11:16.520,1.32559,1.32569
EUR/USD,20090501 00:11:16.521,1.32557,1.32569
EUR/USD,20090501 00:11:16.537,1.32557,1.32566
EUR/USD,20090501 00:11:16.580,1.32557,1.32564
EUR/USD,20090501 00:11:16.987,1.32557,1.32566
EUR/USD,20090501 00:11:17.176,1.32557,1.32566
EUR/USD,20090501 00:11:17.769,1.32556,1.32566
EUR/USD,20090501 00:11:17.774,1.32555,1.32566
EUR/USD,20090501 00:11:17.824,1.32555,1.32565
EUR/USD,20090501 00:11:17.943,1.32555,1.32564
EUR/USD,20090501 00:11:18.064,1.32555,1.32562
EUR/USD,20090501 00:11:18.273,1.32554,1.32562
EUR/USD,20090501 00:11:18.274,1.32552,1.32562
EUR/USD,20090501 00:11:19.030,1.32549,1.32562
EUR/USD,20090501 00:11:19.031,1.32547,1.32559
EUR/USD,20090501 00:11:19.053,1.32547,1.32556
EUR/USD,20090501 00:11:19.761,1.32552,1.32556
EUR/USD,20090501 00:11:19.762,1.3255,1.32556
EUR/USD,20090501 00:11:19.781,1.3255,1.32556
EUR/USD,20090501 00:11:19.827,1.3255,1.32558
EUR/USD,20090501 00:11:20.018,1.3255,1.32558
EUR/USD,20090501 00:11:20.037,1.3255,1.32552
EUR/USD,20090501 00:11:20.046,1.32543,1.32552
EUR/USD,20090501 00:11:20.080,1.32542,1.32552
EUR/USD,20090501 00:11:20.267,1.32547,1.32552
EUR/USD,20090501 00:11:20.298,1.32547,1.32554
EUR/USD,20090501 00:11:22.289,1.3255,1.32554
EUR/USD,20090501 00:11:22.765,1.3255,1.32559
EUR/USD,20090501 00:11:22.766,1.3255,1.32558
EUR/USD,20090501 00:11:22.789,1.32547,1.32558
EUR/USD,20090501 00:11:22.791,1.32546,1.32552
EUR/USD,20090501 00:11:22.854,1.32544,1.32552
EUR/USD,20090501 00:11:23.028,1.32548,1.32552
EUR/USD,20090501 00:11:23.029,1.32547,1.32552
EUR/USD,20090501 00:11:23.076,1.32547,1.32554
EUR/USD,20090501 00:11:23.518,1.3254,1.32554
EUR/USD,20090501 00:11:23.519,1.3254,1.32548
EUR/USD,20090501 00:11:23.534,1.32539,1.32548
EUR/USD,20090501 00:11:24.816,1.32539,1.32546
EUR/USD,20090501 00:11:25.017,1.32534,1.32546
EUR/USD,20090501 00:11:25.018,1.32534,1.32543
EUR/USD,20090501 00:11:25.021,1.32532,1.32546
EUR/USD,20090501 00:11:25.083,1.32532,1.32542
EUR/USD,20090501 00:11:25.338,1.32532,1.32548
EUR/USD,20090501 00:11:25.585,1.32538,1.32543
EUR/USD,20090501 00:11:25.586,1.32536,1.32548
EUR/USD,20090501 00:11:26.061,1.32536,1.32545
EUR/USD,20090501 00:11:26.285,1.32536,1.32548
EUR/USD,20090501 00:11:26.771,1.32534,1.32547
EUR/USD,20090501 00:11:26.772,1.32534,1.32543
EUR/USD,20090501 00:11:30.025,1.32528,1.32543
EUR/USD,20090501 00:11:30.026,1.32528,1.32544
EUR/USD,20090501 00:11:30.027,1.32502,1.32514
EUR/USD,20090501 00:11:30.049,1.32502,1.3251
EUR/USD,20090501 00:11:30.267,1.32509,1.3251
EUR/USD,20090501 00:11:30.270,1.32507,1.3251
EUR/USD,20090501 00:11:30.296,1.32507,1.32514
EUR/USD,20090501 00:11:30.530,1.32509,1.32516
EUR/USD,20090501 00:11:30.535,1.32517,1.32519
EUR/USD,20090501 00:11:30.536,1.32517,1.32523
EUR/USD,20090501 00:11:30.645,1.32517,1.32526
EUR/USD,20090501 00:11:30.810,1.32517,1.32529
EUR/USD,20090501 00:11:31.024,1.32511,1.32528
EUR/USD,20090501 00:11:31.025,1.32511,1.32529
EUR/USD,20090501 00:11:31.050,1.32507,1.32512
EUR/USD,20090501 00:11:31.254,1.32502,1.32512
EUR/USD,20090501 00:11:31.271,1.32511,1.32512
EUR/USD,20090501 00:11:31.275,1.3251,1.32512
EUR/USD,20090501 00:11:31.294,1.3251,1.32514
EUR/USD,20090501 00:11:31.766,1.3251,1.3252
EUR/USD,20090501 00:11:31.767,1.3251,1.32513
EUR/USD,20090501 00:11:31.774,1.32508,1.32513
EUR/USD,20090501 00:11:31.807,1.32508,1.32512
EUR/USD,20090501 00:11:31.848,1.32508,1.32509
EUR/USD,20090501 00:11:31.853,1.32504,1.32509
EUR/USD,20090501 00:11:32.050,1.32504,1.32513
EUR/USD,20090501 00:11:32.371,1.32507,1.32513
EUR/USD,20090501 00:11:32.540,1.32507,1.32512
EUR/USD,20090501 00:11:32.770,1.32499,1.32512
EUR/USD,20090501 00:11:32.771,1.32497,1.32512
EUR/USD,20090501 00:11:32.793,1.32497,1.32508
EUR/USD,20090501 00:11:32.858,1.32497,1.32511
EUR/USD,20090501 00:11:33.066,1.32497,1.32513
EUR/USD,20090501 00:11:33.294,1.32499,1.32516
EUR/USD,20090501 00:11:33.347,1.32498,1.32513
EUR/USD,20090501 00:11:33.352,1.32502,1.32508
EUR/USD,20090501 00:11:33.353,1.32501,1.32513
EUR/USD,20090501 00:11:33.518,1.32498,1.32511
EUR/USD,20090501 00:11:33.519,1.32498,1.32513
EUR/USD,20090501 00:11:33.569,1.32497,1.3251
EUR/USD,20090501 00:11:33.576,1.325,1.3251
EUR/USD,20090501 00:11:33.762,1.325,1.32506
EUR/USD,20090501 00:11:33.764,1.325,1.32508
EUR/USD,20090501 00:11:33.786,1.32487,1.32496
EUR/USD,20090501 00:11:33.859,1.32487,1.32505
EUR/USD,20090501 00:11:33.956,1.32497,1.32505
EUR/USD,20090501 00:11:34.011,1.32496,1.32505
EUR/USD,20090501 00:11:34.018,1.32496,1.32498
EUR/USD,20090501 00:11:34.020,1.32494,1.32498
EUR/USD,20090501 00:11:35.018,1.32489,1.32503
EUR/USD,20090501 00:11:35.053,1.32489,1.32496
EUR/USD,20090501 00:11:35.353,1.32489,1.32493
EUR/USD,20090501 00:11:35.519,1.32485,1.32493
EUR/USD,20090501 00:11:35.601,1.32486,1.32493
EUR/USD,20090501 00:11:36.024,1.32482,1.32493
EUR/USD,20090501 00:11:36.057,1.32482,1.3249
EUR/USD,20090501 00:11:36.102,1.32484,1.3249
EUR/USD,20090501 00:11:36.293,1.32484,1.32492
EUR/USD,20090501 00:11:36.379,1.32484,1.32489
EUR/USD,20090501 00:11:36.514,1.32479,1.32489
EUR/USD,20090501 00:11:36.567,1.32477,1.32489
EUR/USD,20090501 00:11:36.851,1.32477,1.32488
EUR/USD,20090501 00:11:37.853,1.32477,1.32489
EUR/USD,20090501 00:11:38.023,1.3248,1.32487
EUR/USD,20090501 00:11:38.024,1.32479,1.32489
EUR/USD,20090501 00:11:38.025,1.32479,1.32489
EUR/USD,20090501 00:11:42.509,1.32483,1.32489
EUR/USD,20090501 00:11:42.510,1.32482,1.32489
EUR/USD,20090501 00:11:42.541,1.32482,1.32491
EUR/USD,20090501 00:11:44.263,1.32486,1.32492
EUR/USD,20090501 00:11:44.264,1.32484,1.32493
EUR/USD,20090501 00:11:45.517,1.32491,1.32493
EUR/USD,20090501 00:11:45.563,1.32491,1.32496
EUR/USD,20090501 00:11:45.778,1.32499,1.32501
EUR/USD,20090501 00:11:45.779,1.32498,1.32503
EUR/USD,20090501 00:11:46.033,1.32504,1.32504
EUR/USD,20090501 00:11:46.035,1.32502,1.32504
EUR/USD,20090501 00:11:46.265,1.32509,1.32513
EUR/USD,20090501 00:11:46.266,1.32509,1.32518
EUR/USD,20090501 00:11:46.268,1.32508,1.32514
EUR/USD,20090501 00:11:46.269,1.32508,1.3252
EUR/USD,20090501 00:11:46.371,1.32508,1.32518
EUR/USD,20090501 00:11:46.835,1.32512,1.32518
EUR/USD,20090501 00:11:46.854,1.32512,1.32519
EUR/USD,20090501 00:11:47.038,1.3252,1.32521
EUR/USD,20090501 00:11:49.014,1.32523,1.32526
EUR/USD,20090501 00:11:49.511,1.32519,1.32532
EUR/USD,20090501 00:11:49.512,1.32517,1.32529
EUR/USD,20090501 00:11:49.527,1.3252,1.32529
EUR/USD,20090501 00:11:56.265,1.32521,1.32528
EUR/USD,20090501 00:11:56.266,1.3252,1.32529
EUR/USD,20090501 00:11:57.762,1.32524,1.3253
EUR/USD,20090501 00:11:57.765,1.32522,1.32532
EUR/USD,20090501 00:11:59.512,1.32527,1.32533
EUR/USD,20090501 00:11:59.513,1.32525,1.32534
EUR/USD,20090501 00:11:59.783,1.3253,1.32534
EUR/USD,20090501 00:11:59.812,1.3254,1.3254
EUR/USD,20090501 00:11:59.919,1.3254,1.32542
EUR/USD,20090501 00:12:00.034,1.32533,1.32536
EUR/USD,20090501 00:12:00.035,1.32531,1.32537
EUR/USD,20090501 00:12:01.761,1.32529,1.32542
EUR/USD,20090501 00:12:01.763,1.32527,1.32543
EUR/USD,20090501 00:12:01.800,1.32527,1.32538
EUR/USD,20090501 00:12:04.259,1.32535,1.32538
EUR/USD,20090501 00:12:04.260,1.32533,1.32538
EUR/USD,20090501 00:12:04.281,1.3254,1.32569
EUR/USD,20090501 00:12:04.283,1.3254,1.32551
EUR/USD,20090501 00:12:04.338,1.3254,1.32545
EUR/USD,20090501 00:12:04.360,1.32533,1.32539
EUR/USD,20090501 00:12:04.362,1.32533,1.32545
EUR/USD,20090501 00:12:05.884,1.32533,1.32548
EUR/USD,20090501 00:12:06.013,1.32539,1.32544
EUR/USD,20090501 00:12:06.014,1.32537,1.32545
EUR/USD,20090501 00:12:06.015,1.32537,1.32548
EUR/USD,20090501 00:12:06.036,1.3255,1.32551
EUR/USD,20090501 00:12:06.037,1.3255,1.32558
EUR/USD,20090501 00:12:06.103,1.32537,1.32548
EUR/USD,20090501 00:12:06.122,1.32537,1.32555
EUR/USD,20090501 00:12:06.168,1.32537,1.32554
EUR/USD,20090501 00:12:06.368,1.32537,1.32559
EUR/USD,20090501 00:12:06.423,1.32537,1.32554
EUR/USD,20090501 00:12:06.512,1.32543,1.32548
EUR/USD,20090501 00:12:06.513,1.32541,1.32549
EUR/USD,20090501 00:12:06.514,1.32541,1.32553
EUR/USD,20090501 00:12:08.270,1.32545,1.32553
EUR/USD,20090501 00:12:08.271,1.32545,1.32554
EUR/USD,20090501 00:12:08.388,1.32545,1.32556
EUR/USD,20090501 00:12:08.838,1.32545,1.32554
EUR/USD,20090501 00:12:08.852,1.3255,1.32554
EUR/USD,20090501 00:12:08.855,1.32548,1.32554
EUR/USD,20090501 00:12:08.856,1.32548,1.32557
EUR/USD,20090501 00:12:09.056,1.3256,1.32565
EUR/USD,20090501 00:12:09.061,1.3256,1.32566
EUR/USD,20090501 00:12:09.217,1.3256,1.32571
EUR/USD,20090501 00:12:09.249,1.3256,1.32569
EUR/USD,20090501 00:12:09.391,1.3256,1.32565
EUR/USD,20090501 00:12:09.558,1.32553,1.32559
EUR/USD,20090501 00:12:09.559,1.32553,1.32562
EUR/USD,20090501 00:12:10.086,1.32557,1.32562
EUR/USD,20090501 00:12:10.088,1.32555,1.32563
EUR/USD,20090501 00:12:10.089,1.32555,1.32565
EUR/USD,20090501 00:12:10.286,1.3257,1.32575
EUR/USD,20090501 00:12:10.419,1.3257,1.3257
EUR/USD,20090501 00:12:10.537,1.3256,1.3257
EUR/USD,20090501 00:12:10.542,1.3256,1.32572
EUR/USD,20090501 00:12:10.888,1.3256,1.32571
EUR/USD,20090501 00:12:13.269,1.3256,1.32566
EUR/USD,20090501 00:12:13.290,1.32549,1.32566
EUR/USD,20090501 00:12:13.313,1.32549,1.32558
EUR/USD,20090501 00:12:13.388,1.32549,1.32561
EUR/USD,20090501 00:12:13.761,1.32544,1.32558
EUR/USD,20090501 00:12:13.763,1.32542,1.32559
EUR/USD,20090501 00:12:13.798,1.32542,1.32555
EUR/USD,20090501 00:12:14.389,1.32542,1.3255
EUR/USD,20090501 00:12:15.014,1.32533,1.3255
EUR/USD,20090501 00:12:15.015,1.32531,1.32543
EUR/USD,20090501 00:12:15.042,1.32531,1.32542
EUR/USD,20090501 00:12:15.765,1.32528,1.32542
EUR/USD,20090501 00:12:15.767,1.32526,1.32542
EUR/USD,20090501 00:12:15.768,1.32526,1.32538
EUR/USD,20090501 00:12:16.263,1.32523,1.32537
EUR/USD,20090501 00:12:16.266,1.32521,1.32538
EUR/USD,20090501 00:12:16.267,1.32521,1.32533
EUR/USD,20090501 00:12:17.772,1.32527,1.32532
EUR/USD,20090501 00:12:17.776,1.32525,1.32533
EUR/USD,20090501 00:12:50.244,1.32523,1.32537
EUR/USD,20090501 00:12:51.333,1.32523,1.32534
EUR/USD,20090501 00:12:51.512,1.32519,1.32534
EUR/USD,20090501 00:12:51.552,1.32519,1.32532
EUR/USD,20090501 00:12:52.340,1.32519,1.32529
EUR/USD,20090501 00:12:52.760,1.32521,1.32529
EUR/USD,20090501 00:12:52.764,1.32517,1.32529
EUR/USD,20090501 00:12:53.758,1.32518,1.32529
EUR/USD,20090501 00:12:53.762,1.32514,1.32529
EUR/USD,20090501 00:12:53.778,1.32514,1.32526
EUR/USD,20090501 00:12:54.549,1.32514,1.32526
EUR/USD,20090501 00:13:12.721,1.32516,1.32526
EUR/USD,20090501 00:13:17.630,1.32516,1.32525
EUR/USD,20090501 00:13:17.833,1.32516,1.32524
EUR/USD,20090501 00:13:33.813,1.32516,1.32523
EUR/USD,20090501 00:13:37.380,1.32516,1.32526
EUR/USD,20090501 00:13:38.763,1.32522,1.32526
EUR/USD,20090501 00:13:38.766,1.3252,1.32526
EUR/USD,20090501 00:13:38.798,1.3252,1.32528
EUR/USD,20090501 00:13:39.021,1.32527,1.32531
EUR/USD,20090501 00:13:39.022,1.32525,1.32532
EUR/USD,20090501 00:13:39.512,1.32532,1.32536
EUR/USD,20090501 00:13:39.514,1.3253,1.32537
EUR/USD,20090501 00:13:40.263,1.32534,1.32541
EUR/USD,20090501 00:13:41.511,1.32538,1.32543
EUR/USD,20090501 00:13:41.513,1.32537,1.32545
EUR/USD,20090501 00:13:41.772,1.3254,1.32545
EUR/USD,20090501 00:13:41.773,1.32537,1.32545
EUR/USD,20090501 00:13:42.017,1.32543,1.32547
EUR/USD,20090501 00:13:42.018,1.32541,1.32553
EUR/USD,20090501 00:13:42.290,1.3255,1.32553
EUR/USD,20090501 00:13:45.017,1.3255,1.32554
EUR/USD,20090501 00:13:45.394,1.3255,1.32557
EUR/USD,20090501 00:13:46.014,1.3255,1.32558
EUR/USD,20090501 00:13:46.015,1.32536,1.32544
EUR/USD,20090501 00:13:46.032,1.32532,1.32542
EUR/USD,20090501 00:13:46.385,1.32532,1.32544
EUR/USD,20090501 00:13:48.391,1.32532,1.32542
EUR/USD,20090501 00:13:48.510,1.32534,1.32542
EUR/USD,20090501 00:13:49.833,1.32534,1.32539
EUR/USD,20090501 00:13:50.343,1.32534,1.32542
EUR/USD,20090501 00:13:51.257,1.32529,1.32542
EUR/USD,20090501 00:13:51.258,1.32527,1.32542
EUR/USD,20090501 00:13:51.275,1.32527,1.3254
EUR/USD,20090501 00:13:51.282,1.32527,1.32536
EUR/USD,20090501 00:13:51.340,1.32527,1.32538
EUR/USD,20090501 00:13:56.260,1.32533,1.32538
EUR/USD,20090501 00:13:56.262,1.32531,1.32538
EUR/USD,20090501 00:13:56.292,1.32531,1.32539
EUR/USD,20090501 00:13:57.760,1.32535,1.32539
EUR/USD,20090501 00:13:57.762,1.32534,1.32539
EUR/USD,20090501 00:13:57.778,1.32534,1.3254
EUR/USD,20090501 00:13:57.789,1.32534,1.32543
EUR/USD,20090501 00:13:59.016,1.32537,1.32544
EUR/USD,20090501 00:13:59.020,1.32536,1.32544
EUR/USD,20090501 00:13:59.390,1.32536,1.32546
EUR/USD,20090501 00:13:59.793,1.32537,1.32546
EUR/USD,20090501 00:13:59.794,1.3254,1.32546
EUR/USD,20090501 00:14:00.515,1.3254,1.32546
EUR/USD,20090501 00:14:00.535,1.32532,1.32546
EUR/USD,20090501 00:14:00.545,1.32532,1.32542
EUR/USD,20090501 00:14:01.894,1.32532,1.32539
EUR/USD,20090501 00:14:03.513,1.3253,1.32539
EUR/USD,20090501 00:14:03.516,1.32529,1.32539
EUR/USD,20090501 00:14:05.512,1.32528,1.32539
EUR/USD,20090501 00:14:05.513,1.32527,1.32539
EUR/USD,20090501 00:14:06.259,1.3253,1.32537
EUR/USD,20090501 00:14:06.260,1.32529,1.32539
EUR/USD,20090501 00:14:06.261,1.32529,1.32539
EUR/USD,20090501 00:14:07.362,1.32529,1.32541
EUR/USD,20090501 00:14:07.511,1.32532,1.32539
EUR/USD,20090501 00:14:07.513,1.32531,1.32541
EUR/USD,20090501 00:14:14.014,1.32528,1.32541
EUR/USD,20090501 00:14:14.017,1.32527,1.32543
EUR/USD,20090501 00:14:14.028,1.32527,1.3254
EUR/USD,20090501 00:14:14.035,1.32527,1.32536
EUR/USD,20090501 00:14:14.336,1.32527,1.32537
EUR/USD,20090501 00:14:15.261,1.32523,1.32537
EUR/USD,20090501 00:14:15.265,1.32523,1.32537
EUR/USD,20090501 00:14:15.298,1.32522,1.32532
EUR/USD,20090501 00:14:15.378,1.32522,1.32535
EUR/USD,20090501 00:14:15.515,1.32516,1.32532
EUR/USD,20090501 00:14:15.516,1.32516,1.32534
EUR/USD,20090501 00:14:15.534,1.32515,1.32522
EUR/USD,20090501 00:14:15.613,1.32512,1.32522
EUR/USD,20090501 00:14:16.020,1.32505,1.32522
EUR/USD,20090501 00:14:16.021,1.32504,1.32522
EUR/USD,20090501 00:14:16.041,1.32504,1.32518
EUR/USD,20090501 00:14:16.592,1.32502,1.32514
EUR/USD,20090501 00:14:17.510,1.32499,1.32511
EUR/USD,20090501 00:14:17.512,1.32499,1.32512
EUR/USD,20090501 00:14:17.513,1.32499,1.32508
EUR/USD,20090501 00:14:17.525,1.32496,1.32508
EUR/USD,20090501 00:14:17.791,1.32496,1.32506
EUR/USD,20090501 00:14:18.016,1.32495,1.32506
EUR/USD,20090501 00:14:18.018,1.32493,1.32506
EUR/USD,20090501 00:14:18.603,1.32492,1.32504
EUR/USD,20090501 00:14:18.605,1.32491,1.32505
EUR/USD,20090501 00:14:18.782,1.3249,1.32499
EUR/USD,20090501 00:14:18.785,1.32491,1.325
EUR/USD,20090501 00:14:19.034,1.3249,1.325
EUR/USD,20090501 00:14:19.035,1.3249,1.32499
EUR/USD,20090501 00:14:19.064,1.3249,1.32496
EUR/USD,20090501 00:14:19.104,1.32488,1.32496
EUR/USD,20090501 00:14:19.107,1.32487,1.32496
EUR/USD,20090501 00:14:19.264,1.32484,1.32496
EUR/USD,20090501 00:14:19.269,1.32482,1.32496
EUR/USD,20090501 00:14:19.317,1.32482,1.32498
EUR/USD,20090501 00:14:19.515,1.32478,1.32493
EUR/USD,20090501 00:14:19.516,1.32478,1.32483
EUR/USD,20090501 00:14:19.521,1.32478,1.32494
EUR/USD,20090501 00:14:19.555,1.32474,1.32489
EUR/USD,20090501 00:14:19.557,1.32472,1.32482
EUR/USD,20090501 00:14:20.025,1.32469,1.32482
EUR/USD,20090501 00:14:20.026,1.32469,1.32478
EUR/USD,20090501 00:14:20.028,1.32467,1.32482
EUR/USD,20090501 00:14:20.062,1.32467,1.32478
EUR/USD,20090501 00:14:20.515,1.32464,1.32478
EUR/USD,20090501 00:14:20.516,1.32462,1.32474
EUR/USD,20090501 00:14:22.014,1.32466,1.32473
EUR/USD,20090501 00:14:22.015,1.32465,1.32474
EUR/USD,20090501 00:14:22.016,1.32465,1.32477
EUR/USD,20090501 00:14:22.758,1.32464,1.32475
EUR/USD,20090501 00:14:22.759,1.32464,1.32473
EUR/USD,20090501 00:14:24.757,1.32468,1.32473
EUR/USD,20090501 00:14:24.758,1.32467,1.32474
EUR/USD,20090501 00:14:32.016,1.32464,1.32477
EUR/USD,20090501 00:14:32.017,1.32462,1.32479
EUR/USD,20090501 00:14:32.041,1.32462,1.32474
EUR/USD,20090501 00:14:32.378,1.32462,1.32476
EUR/USD,20090501 00:14:38.244,1.32476,1.32476
EUR/USD,20090501 00:14:39.510,1.32466,1.32473
EUR/USD,20090501 00:14:39.760,1.32465,1.32474
EUR/USD,20090501 00:14:40.267,1.3247,1.32475
EUR/USD,20090501 00:14:40.270,1.32468,1.32477
EUR/USD,20090501 00:14:40.513,1.32485,1.32489
EUR/USD,20090501 00:14:40.598,1.32485,1.32487
EUR/USD,20090501 00:14:40.768,1.32472,1.32479
EUR/USD,20090501 00:14:40.769,1.32472,1.32481
EUR/USD,20090501 00:14:40.834,1.3247,1.3248
EUR/USD,20090501 00:14:40.835,1.3247,1.32482
EUR/USD,20090501 00:14:53.514,1.32468,1.32481
EUR/USD,20090501 00:14:53.528,1.32468,1.32479
EUR/USD,20090501 00:14:53.555,1.32468,1.32477
EUR/USD,20090501 00:14:54.336,1.32468,1.32475
EUR/USD,20090501 00:14:54.510,1.32466,1.32475
EUR/USD,20090501 00:14:54.511,1.32464,1.32475
EUR/USD,20090501 00:14:55.333,1.32464,1.32474
EUR/USD,20090501 00:14:58.856,1.32464,1.32476
EUR/USD,20090501 00:14:59.011,1.32468,1.32475
EUR/USD,20090501 00:14:59.014,1.32467,1.32476
EUR/USD,20090501 00:15:45.512,1.32473,1.32477
EUR/USD,20090501 00:15:45.514,1.32472,1.32478
EUR/USD,20090501 00:15:45.530,1.32472,1.32479
EUR/USD,20090501 00:15:47.022,1.32473,1.32479
EUR/USD,20090501 00:15:47.058,1.32479,1.32479
EUR/USD,20090501 00:15:47.061,1.32478,1.32479
EUR/USD,20090501 00:15:47.064,1.32478,1.3248
EUR/USD,20090501 00:15:47.129,1.32478,1.32493
EUR/USD,20090501 00:15:47.272,1.32489,1.32493
EUR/USD,20090501 00:15:47.273,1.32488,1.32494
EUR/USD,20090501 00:15:47.274,1.32488,1.325
EUR/USD,20090501 00:15:47.317,1.32491,1.325
EUR/USD,20090501 00:15:47.775,1.32491,1.325
EUR/USD,20090501 00:15:47.776,1.32501,1.32501
EUR/USD,20090501 00:15:47.781,1.32491,1.32501
EUR/USD,20090501 00:15:47.797,1.32498,1.32501
EUR/USD,20090501 00:15:47.804,1.32498,1.32502
EUR/USD,20090501 00:15:47.806,1.32499,1.32502
EUR/USD,20090501 00:15:47.886,1.32499,1.32511
EUR/USD,20090501 00:15:48.057,1.32495,1.32511
EUR/USD,20090501 00:15:48.395,1.32499,1.32511
EUR/USD,20090501 00:15:48.518,1.32508,1.32511
EUR/USD,20090501 00:15:48.519,1.32506,1.32513
EUR/USD,20090501 00:15:48.520,1.32506,1.32518
EUR/USD,20090501 00:15:51.515,1.32502,1.32518
EUR/USD,20090501 00:15:51.620,1.32502,1.32515
EUR/USD,20090501 00:15:54.062,1.32502,1.32516
EUR/USD,20090501 00:15:57.560,1.32502,1.32515
EUR/USD,20090501 00:15:59.558,1.32502,1.32514
EUR/USD,20090501 00:16:04.611,1.32502,1.32515
EUR/USD,20090501 00:16:07.014,1.32496,1.32513
EUR/USD,20090501 00:16:07.015,1.32496,1.32514
EUR/USD,20090501 00:16:07.035,1.32496,1.325
EUR/USD,20090501 00:16:07.040,1.32492,1.325
EUR/USD,20090501 00:16:07.050,1.32492,1.32499
EUR/USD,20090501 00:16:07.763,1.32497,1.32499
EUR/USD,20090501 00:16:07.791,1.32497,1.32503
EUR/USD,20090501 00:16:08.511,1.32499,1.32506
EUR/USD,20090501 00:16:08.512,1.32498,1.32508
EUR/USD,20090501 00:16:09.017,1.32501,1.3251
EUR/USD,20090501 00:16:09.018,1.32501,1.32513
EUR/USD,20090501 00:16:15.509,1.32499,1.32512
EUR/USD,20090501 00:16:15.510,1.32499,1.32513
EUR/USD,20090501 00:16:15.528,1.32492,1.32501
EUR/USD,20090501 00:16:15.530,1.32495,1.32501
EUR/USD,20090501 00:16:15.868,1.32492,1.32501
EUR/USD,20090501 00:16:15.870,1.32492,1.32499
EUR/USD,20090501 00:16:16.017,1.32499,1.32499
EUR/USD,20090501 00:16:16.040,1.32499,1.32501
EUR/USD,20090501 00:16:16.060,1.32499,1.32504
EUR/USD,20090501 00:16:16.128,1.32499,1.32504
EUR/USD,20090501 00:16:17.508,1.32499,1.3251
EUR/USD,20090501 00:16:17.509,1.32499,1.32508
EUR/USD,20090501 00:16:17.562,1.32499,1.32507
EUR/USD,20090501 00:16:23.258,1.32499,1.32508
EUR/USD,20090501 00:16:25.258,1.32501,1.32508
EUR/USD,20090501 00:16:25.260,1.325,1.32508
EUR/USD,20090501 00:16:25.308,1.325,1.32509
EUR/USD,20090501 00:16:27.758,1.32499,1.3251
EUR/USD,20090501 00:16:27.760,1.32497,1.32512
EUR/USD,20090501 00:16:27.775,1.32497,1.3251
EUR/USD,20090501 00:16:27.776,1.32497,1.32509
EUR/USD,20090501 00:16:27.844,1.32497,1.32508
EUR/USD,20090501 00:16:29.061,1.32497,1.32509
EUR/USD,20090501 00:16:30.268,1.32497,1.32507
EUR/USD,20090501 00:16:31.872,1.32497,1.32506
EUR/USD,20090501 00:16:32.108,1.32497,1.32508
EUR/USD,20090501 00:16:33.989,1.32497,1.32507
EUR/USD,20090501 00:16:37.080,1.32497,1.32506
EUR/USD,20090501 00:16:45.509,1.32496,1.32506
EUR/USD,20090501 00:16:45.510,1.32494,1.32506
EUR/USD,20090501 00:16:45.772,1.32494,1.32501
EUR/USD,20090501 00:16:45.805,1.32494,1.325
EUR/USD,20090501 00:16:47.139,1.32494,1.32501
EUR/USD,20090501 00:16:50.779,1.32494,1.32506
EUR/USD,20090501 00:17:01.256,1.32493,1.32505
EUR/USD,20090501 00:17:01.257,1.32492,1.32506
EUR/USD,20090501 00:17:01.273,1.32491,1.32501
EUR/USD,20090501 00:17:01.284,1.32491,1.325
EUR/USD,20090501 00:17:01.541,1.32492,1.325
EUR/USD,20090501 00:17:01.587,1.32492,1.32506
EUR/USD,20090501 00:17:01.758,1.32492,1.32502
EUR/USD,20090501 00:17:01.759,1.32492,1.32503
EUR/USD,20090501 00:17:01.777,1.32492,1.32501
EUR/USD,20090501 00:17:01.780,1.32487,1.32499
EUR/USD,20090501 00:17:01.815,1.32487,1.32498
EUR/USD,20090501 00:17:02.033,1.325,1.32503
EUR/USD,20090501 00:17:02.052,1.325,1.32502
EUR/USD,20090501 00:17:02.509,1.32487,1.32498
EUR/USD,20090501 00:17:13.922,1.32487,1.32497
EUR/USD,20090501 00:17:15.757,1.32484,1.32496
EUR/USD,20090501 00:17:15.778,1.32484,1.32495
EUR/USD,20090501 00:17:21.856,1.32484,1.32496
EUR/USD,20090501 00:17:22.013,1.32488,1.32493
EUR/USD,20090501 00:17:22.015,1.32487,1.32494
EUR/USD,20090501 00:17:27.015,1.32491,1.32497
EUR/USD,20090501 00:17:27.016,1.32489,1.32501
EUR/USD,20090501 00:17:47.261,1.32493,1.325
EUR/USD,20090501 00:17:49.015,1.32486,1.32502
EUR/USD,20090501 00:17:49.042,1.32484,1.32502
EUR/USD,20090501 00:17:49.284,1.32484,1.32499
EUR/USD,20090501 00:17:49.327,1.32484,1.32498
EUR/USD,20090501 00:17:49.531,1.32484,1.32489
EUR/USD,20090501 00:17:49.608,1.32482,1.32489
EUR/USD,20090501 00:17:49.609,1.3248,1.32489
EUR/USD,20090501 00:17:50.031,1.3248,1.32489
EUR/USD,20090501 00:17:50.148,1.3248,1.32495
EUR/USD,20090501 00:17:50.260,1.32479,1.32491
EUR/USD,20090501 00:17:50.261,1.32477,1.32492
EUR/USD,20090501 00:17:50.278,1.32477,1.32489
EUR/USD,20090501 00:17:51.816,1.32477,1.32488
EUR/USD,20090501 00:17:52.387,1.32477,1.32486
EUR/USD,20090501 00:17:52.512,1.32474,1.32486
EUR/USD,20090501 00:17:52.513,1.32472,1.32486
EUR/USD,20090501 00:17:52.514,1.32472,1.32484
EUR/USD,20090501 00:17:52.529,1.32472,1.32481
EUR/USD,20090501 00:17:53.017,1.32476,1.32481
EUR/USD,20090501 00:17:53.018,1.32475,1.32481
EUR/USD,20090501 00:17:53.041,1.32475,1.32481
EUR/USD,20090501 00:17:53.111,1.32475,1.32484
EUR/USD,20090501 00:17:53.268,1.32475,1.32481
EUR/USD,20090501 00:17:53.723,1.32474,1.32481
EUR/USD,20090501 00:17:53.724,1.32472,1.32481
EUR/USD,20090501 00:17:54.758,1.32471,1.32481
EUR/USD,20090501 00:17:54.760,1.3247,1.32481
EUR/USD,20090501 00:17:54.825,1.3247,1.32479
EUR/USD,20090501 00:17:55.355,1.3247,1.32479
EUR/USD,20090501 00:17:56.151,1.3247,1.32478
EUR/USD,20090501 00:17:56.260,1.3247,1.32477
EUR/USD,20090501 00:17:56.261,1.3247,1.32478
EUR/USD,20090501 00:17:56.262,1.3247,1.32477
EUR/USD,20090501 00:17:56.274,1.32468,1.32477
EUR/USD,20090501 00:17:56.291,1.32465,1.32477
EUR/USD,20090501 00:17:56.511,1.32463,1.32475
EUR/USD,20090501 00:17:56.531,1.32461,1.32472
EUR/USD,20090501 00:17:56.546,1.32465,1.32472
EUR/USD,20090501 00:17:56.547,1.32461,1.32471
EUR/USD,20090501 00:17:57.016,1.3246,1.3247
EUR/USD,20090501 00:17:57.018,1.3246,1.32471
EUR/USD,20090501 00:17:57.035,1.3246,1.32471
EUR/USD,20090501 00:17:57.039,1.3246,1.32471
EUR/USD,20090501 00:17:57.048,1.32456,1.32466
EUR/USD,20090501 00:17:57.133,1.32456,1.32466
EUR/USD,20090501 00:17:57.262,1.32455,1.32466
EUR/USD,20090501 00:17:57.272,1.32455,1.32464
EUR/USD,20090501 00:17:57.285,1.32454,1.32461
EUR/USD,20090501 00:17:57.304,1.32453,1.32461
EUR/USD,20090501 00:17:57.337,1.3245,1.32461
EUR/USD,20090501 00:17:57.515,1.3245,1.32458
EUR/USD,20090501 00:17:57.517,1.3245,1.3246
EUR/USD,20090501 00:17:57.539,1.32449,1.3246
EUR/USD,20090501 00:17:57.543,1.32446,1.32459
EUR/USD,20090501 00:17:57.580,1.32446,1.32454
EUR/USD,20090501 00:17:57.581,1.32446,1.32455
EUR/USD,20090501 00:17:57.640,1.32446,1.32455
EUR/USD,20090501 00:17:58.018,1.32441,1.32456
EUR/USD,20090501 00:17:58.107,1.32442,1.32455
EUR/USD,20090501 00:17:58.108,1.32442,1.32451
EUR/USD,20090501 00:17:58.761,1.32441,1.32451
EUR/USD,20090501 00:17:58.775,1.32456,1.32456
EUR/USD,20090501 00:17:58.776,1.32455,1.32456
EUR/USD,20090501 00:17:58.874,1.3244,1.32451
EUR/USD,20090501 00:17:59.125,1.3244,1.32451
EUR/USD,20090501 00:17:59.276,1.32455,1.32462
EUR/USD,20090501 00:17:59.278,1.32456,1.32462
EUR/USD,20090501 00:18:00.099,1.32456,1.32461
EUR/USD,20090501 00:18:00.179,1.32456,1.32463
EUR/USD,20090501 00:18:00.262,1.32442,1.32449
EUR/USD,20090501 00:18:00.264,1.32441,1.3245
EUR/USD,20090501 00:18:00.279,1.3246,1.32463
EUR/USD,20090501 00:18:00.284,1.3246,1.32462
EUR/USD,20090501 00:18:00.388,1.32441,1.32458
EUR/USD,20090501 00:18:00.515,1.32442,1.32458
EUR/USD,20090501 00:18:00.516,1.32451,1.32453
EUR/USD,20090501 00:18:00.547,1.32452,1.32453
EUR/USD,20090501 00:18:00.794,1.32451,1.32453
EUR/USD,20090501 00:18:01.071,1.32452,1.32453
EUR/USD,20090501 00:18:01.264,1.32457,1.32461
EUR/USD,20090501 00:18:01.268,1.32456,1.32463
EUR/USD,20090501 00:18:01.296,1.32459,1.32463
EUR/USD,20090501 00:18:01.314,1.3246,1.32463
EUR/USD,20090501 00:18:01.548,1.32456,1.32463
EUR/USD,20090501 00:18:02.511,1.32455,1.32466
EUR/USD,20090501 00:18:02.512,1.32455,1.32464
EUR/USD,20090501 00:18:02.553,1.32454,1.32467
EUR/USD,20090501 00:18:03.039,1.32454,1.32465
EUR/USD,20090501 00:18:03.405,1.32454,1.32464
EUR/USD,20090501 00:18:03.762,1.32453,1.32464
EUR/USD,20090501 00:18:03.780,1.32453,1.32464
EUR/USD,20090501 00:18:04.038,1.32453,1.32461
EUR/USD,20090501 00:18:04.512,1.32455,1.32461
EUR/USD,20090501 00:18:04.524,1.32455,1.32461
EUR/USD,20090501 00:18:04.537,1.32455,1.32463
EUR/USD,20090501 00:18:04.583,1.32455,1.32464
EUR/USD,20090501 00:18:04.671,1.32455,1.32461
EUR/USD,20090501 00:18:04.776,1.32455,1.32464
EUR/USD,20090501 00:18:04.780,1.32455,1.32461
EUR/USD,20090501 00:18:05.286,1.32455,1.32461
EUR/USD,20090501 00:18:05.288,1.32455,1.32463
EUR/USD,20090501 00:18:05.377,1.32455,1.32464
EUR/USD,20090501 00:18:06.258,1.32454,1.32464
EUR/USD,20090501 00:18:07.256,1.32454,1.32463
EUR/USD,20090501 00:18:07.260,1.32454,1.32461
EUR/USD,20090501 00:18:07.283,1.3245,1.32461
EUR/USD,20090501 00:18:12.511,1.3245,1.3246
EUR/USD,20090501 00:18:12.768,1.3245,1.32459
EUR/USD,20090501 00:18:12.867,1.3245,1.32456
EUR/USD,20090501 00:18:12.946,1.3245,1.32453
EUR/USD,20090501 00:18:13.020,1.32444,1.32453
EUR/USD,20090501 00:18:13.095,1.32442,1.32453
EUR/USD,20090501 00:18:13.271,1.32456,1.32458
EUR/USD,20090501 00:18:13.275,1.32455,1.32458
EUR/USD,20090501 00:18:13.296,1.32442,1.32452
EUR/USD,20090501 00:18:13.387,1.32442,1.32449
EUR/USD,20090501 00:18:13.513,1.32439,1.32449
EUR/USD,20090501 00:18:13.523,1.32455,1.32459
EUR/USD,20090501 00:18:13.524,1.32456,1.32459
EUR/USD,20090501 00:18:13.532,1.32439,1.32448
EUR/USD,20090501 00:18:13.597,1.32437,1.32448
EUR/USD,20090501 00:18:14.355,1.32437,1.32444
EUR/USD,20090501 00:18:15.514,1.32436,1.32444
EUR/USD,20090501 00:18:16.302,1.32436,1.32445
EUR/USD,20090501 00:18:17.262,1.32434,1.32445
EUR/USD,20090501 00:18:17.263,1.32434,1.32443
EUR/USD,20090501 00:18:17.264,1.32432,1.32447
EUR/USD,20090501 00:18:17.276,1.32432,1.32446
EUR/USD,20090501 00:18:17.385,1.32432,1.32443
EUR/USD,20090501 00:18:21.016,1.3243,1.32443
EUR/USD,20090501 00:18:21.030,1.3243,1.3244
EUR/USD,20090501 00:18:21.033,1.3243,1.32439
EUR/USD,20090501 00:18:21.261,1.32436,1.32439
EUR/USD,20090501 00:18:21.291,1.32436,1.32441
EUR/USD,20090501 00:18:22.016,1.32442,1.32445
EUR/USD,20090501 00:18:22.017,1.32441,1.32445
EUR/USD,20090501 00:18:22.043,1.32441,1.32446
EUR/USD,20090501 00:18:22.608,1.32439,1.32446
EUR/USD,20090501 00:18:22.609,1.32437,1.32446
EUR/USD,20090501 00:18:22.852,1.32437,1.32447
EUR/USD,20090501 00:18:29.385,1.32437,1.32443
EUR/USD,20090501 00:18:29.885,1.32437,1.32445
EUR/USD,20090501 00:18:30.342,1.32437,1.32447
EUR/USD,20090501 00:18:30.759,1.32442,1.32447
EUR/USD,20090501 00:18:30.761,1.32441,1.32447
EUR/USD,20090501 00:18:30.784,1.32441,1.32449
EUR/USD,20090501 00:18:32.758,1.32442,1.32449
EUR/USD,20090501 00:18:32.759,1.32451,1.32453
EUR/USD,20090501 00:18:32.789,1.32451,1.32453
EUR/USD,20090501 00:18:33.261,1.32449,1.32456
EUR/USD,20090501 00:18:33.262,1.32447,1.32456
EUR/USD,20090501 00:18:33.390,1.32447,1.32457
EUR/USD,20090501 00:18:33.512,1.32454,1.32457
EUR/USD,20090501 00:18:33.515,1.32453,1.32457
EUR/USD,20090501 00:18:33.538,1.32453,1.32459
EUR/USD,20090501 00:18:34.016,1.32459,1.32463
EUR/USD,20090501 00:18:34.017,1.32457,1.32465
EUR/USD,20090501 00:18:34.018,1.32457,1.32469
EUR/USD,20090501 00:18:34.041,1.32457,1.32468
EUR/USD,20090501 00:18:34.286,1.32457,1.32469
EUR/USD,20090501 00:18:34.290,1.3247,1.32471
EUR/USD,20090501 00:18:34.341,1.3247,1.32481
EUR/USD,20090501 00:18:34.385,1.3247,1.32475
EUR/USD,20090501 00:18:34.608,1.32462,1.32468
EUR/USD,20090501 00:18:35.261,1.32467,1.32471
EUR/USD,20090501 00:18:35.262,1.32466,1.32473
EUR/USD,20090501 00:18:35.263,1.32466,1.32475
EUR/USD,20090501 00:18:35.278,1.3247,1.32475
EUR/USD,20090501 00:18:35.283,1.3247,1.32478
EUR/USD,20090501 00:18:36.276,1.32466,1.32478
EUR/USD,20090501 00:18:38.520,1.32464,1.32476
EUR/USD,20090501 00:18:38.521,1.32462,1.32478
EUR/USD,20090501 00:18:38.540,1.32462,1.32472
EUR/USD,20090501 00:18:38.783,1.32462,1.32472
EUR/USD,20090501 00:18:39.140,1.32462,1.32474
EUR/USD,20090501 00:18:39.271,1.32454,1.32473
EUR/USD,20090501 00:18:39.290,1.32454,1.32462
EUR/USD,20090501 00:18:39.349,1.32454,1.32465
EUR/USD,20090501 00:18:39.516,1.32459,1.32463
EUR/USD,20090501 00:18:39.517,1.32457,1.32464
EUR/USD,20090501 00:18:40.016,1.32454,1.32465
EUR/USD,20090501 00:18:40.018,1.32452,1.32465
EUR/USD,20090501 00:18:40.038,1.32452,1.32462
EUR/USD,20090501 00:18:40.348,1.32452,1.32465
EUR/USD,20090501 00:18:41.346,1.32452,1.32462
EUR/USD,20090501 00:18:41.516,1.3245,1.32462
EUR/USD,20090501 00:18:41.871,1.3245,1.32459
EUR/USD,20090501 00:18:46.509,1.32448,1.32459
EUR/USD,20090501 00:18:46.510,1.32447,1.32459
EUR/USD,20090501 00:18:46.520,1.3246,1.32462
EUR/USD,20090501 00:18:46.535,1.32447,1.32458
EUR/USD,20090501 00:18:46.758,1.32444,1.32457
EUR/USD,20090501 00:18:46.759,1.32442,1.32458
EUR/USD,20090501 00:18:46.775,1.32456,1.32458
EUR/USD,20090501 00:18:46.776,1.32455,1.32458
EUR/USD,20090501 00:18:46.809,1.32442,1.32452
EUR/USD,20090501 00:18:46.848,1.32442,1.32455
EUR/USD,20090501 00:18:47.351,1.32442,1.32452
EUR/USD,20090501 00:18:55.886,1.32442,1.32449
EUR/USD,20090501 00:18:56.384,1.32442,1.32452
EUR/USD,20090501 00:19:13.757,1.32446,1.32452
EUR/USD,20090501 00:19:13.761,1.32444,1.32452
EUR/USD,20090501 00:19:13.788,1.32444,1.32454
EUR/USD,20090501 00:19:14.760,1.32442,1.32454
EUR/USD,20090501 00:19:14.761,1.32441,1.32454
EUR/USD,20090501 00:19:14.762,1.32441,1.32453
EUR/USD,20090501 00:19:14.771,1.32441,1.32449
EUR/USD,20090501 00:19:17.036,1.32441,1.3245
EUR/USD,20090501 00:19:17.038,1.32441,1.32452
EUR/USD,20090501 00:19:17.112,1.32441,1.32453
EUR/USD,20090501 00:19:17.262,1.32448,1.32451
EUR/USD,20090501 00:19:17.263,1.32446,1.32453
EUR/USD,20090501 00:19:21.518,1.32443,1.32456
EUR/USD,20090501 00:19:21.520,1.32445,1.32456
EUR/USD,20090501 00:19:21.776,1.32445,1.32449
EUR/USD,20090501 00:19:22.109,1.32442,1.32449
EUR/USD,20090501 00:19:22.110,1.32441,1.32449
EUR/USD,20090501 00:19:32.258,1.32445,1.32449
EUR/USD,20090501 00:19:32.259,1.32443,1.32449
EUR/USD,20090501 00:19:32.274,1.32443,1.3245
EUR/USD,20090501 00:19:32.343,1.32443,1.32453
EUR/USD,20090501 00:19:43.972,1.32443,1.32453
EUR/USD,20090501 00:19:59.511,1.3244,1.32453
EUR/USD,20090501 00:19:59.532,1.3244,1.3244
EUR/USD,20090501 00:19:59.535,1.32436,1.3244
EUR/USD,20090501 00:19:59.577,1.32431,1.3244
EUR/USD,20090501 00:20:00.512,1.32441,1.32442
EUR/USD,20090501 00:20:00.513,1.3244,1.32443
EUR/USD,20090501 00:20:01.021,1.3244,1.32449
EUR/USD,20090501 00:20:01.022,1.3244,1.32447
EUR/USD,20090501 00:20:01.025,1.3244,1.32449
EUR/USD,20090501 00:20:01.028,1.32437,1.32449
EUR/USD,20090501 00:20:01.063,1.32436,1.32446
EUR/USD,20090501 00:20:01.262,1.32443,1.32446
EUR/USD,20090501 00:20:01.264,1.32442,1.32446
EUR/USD,20090501 00:20:01.298,1.32442,1.32448
EUR/USD,20090501 00:20:01.760,1.3244,1.32449
EUR/USD,20090501 00:20:01.769,1.32438,1.32449
EUR/USD,20090501 00:20:01.799,1.32438,1.32447
EUR/USD,20090501 00:20:02.017,1.32443,1.32447
EUR/USD,20090501 00:20:02.018,1.32442,1.32447
EUR/USD,20090501 00:20:02.037,1.32442,1.32448
EUR/USD,20090501 00:20:02.078,1.32442,1.32448
EUR/USD,20090501 00:20:02.515,1.3244,1.32449
EUR/USD,20090501 00:20:02.521,1.32438,1.32449
EUR/USD,20090501 00:20:02.549,1.32436,1.32446
EUR/USD,20090501 00:20:02.765,1.32443,1.32446
EUR/USD,20090501 00:20:02.770,1.32442,1.32446
EUR/USD,20090501 00:20:02.784,1.32442,1.32448
EUR/USD,20090501 00:20:03.261,1.3244,1.32449
EUR/USD,20090501 00:20:03.269,1.32438,1.32449
EUR/USD,20090501 00:20:03.271,1.32437,1.32449
EUR/USD,20090501 00:20:03.272,1.32437,1.32448
EUR/USD,20090501 00:20:03.277,1.32436,1.32446
EUR/USD,20090501 00:20:03.325,1.32436,1.32447
EUR/USD,20090501 00:20:03.511,1.32443,1.32447
EUR/USD,20090501 00:20:03.512,1.32441,1.32447
EUR/USD,20090501 00:20:03.551,1.32441,1.32453
EUR/USD,20090501 00:20:03.772,1.32441,1.32449
EUR/USD,20090501 00:20:04.016,1.3244,1.32449
EUR/USD,20090501 00:20:04.024,1.32438,1.32449
EUR/USD,20090501 00:20:04.036,1.32438,1.32446
EUR/USD,20090501 00:20:04.264,1.32443,1.32446
EUR/USD,20090501 00:20:04.265,1.32441,1.32446
EUR/USD,20090501 00:20:04.303,1.32441,1.32448
EUR/USD,20090501 00:20:04.761,1.3244,1.32449
EUR/USD,20090501 00:20:04.777,1.32437,1.32449
EUR/USD,20090501 00:20:04.798,1.32436,1.32446
EUR/USD,20090501 00:20:04.822,1.32436,1.32447
EUR/USD,20090501 00:20:05.026,1.32443,1.32447
EUR/USD,20090501 00:20:05.028,1.32441,1.32447
EUR/USD,20090501 00:20:05.045,1.32441,1.3245
EUR/USD,20090501 00:20:05.078,1.32441,1.32453
EUR/USD,20090501 00:20:05.275,1.32441,1.32449
EUR/USD,20090501 00:20:05.509,1.3244,1.32449
EUR/USD,20090501 00:20:05.515,1.32437,1.32449
EUR/USD,20090501 00:20:05.530,1.32436,1.32446
EUR/USD,20090501 00:20:05.760,1.32444,1.32446
EUR/USD,20090501 00:20:05.763,1.32442,1.32446
EUR/USD,20090501 00:20:05.778,1.32442,1.32448
EUR/USD,20090501 00:20:06.259,1.3244,1.32449
EUR/USD,20090501 00:20:06.261,1.3244,1.32448
EUR/USD,20090501 00:20:06.264,1.32437,1.32448
EUR/USD,20090501 00:20:06.277,1.32436,1.32446
EUR/USD,20090501 00:20:06.298,1.32436,1.32447
EUR/USD,20090501 00:20:06.512,1.32442,1.32447
EUR/USD,20090501 00:20:06.536,1.32442,1.32448
EUR/USD,20090501 00:20:06.698,1.32442,1.32448
EUR/USD,20090501 00:20:08.763,1.3244,1.3245
EUR/USD,20090501 00:20:08.780,1.32437,1.32449
EUR/USD,20090501 00:20:08.790,1.32436,1.32446
EUR/USD,20090501 00:20:08.824,1.32436,1.32447
EUR/USD,20090501 00:20:09.038,1.32436,1.32451
EUR/USD,20090501 00:20:09.291,1.32441,1.32447
EUR/USD,20090501 00:20:12.513,1.32438,1.32449
EUR/USD,20090501 00:20:12.515,1.32436,1.32449
EUR/USD,20090501 00:20:12.545,1.32436,1.32446
EUR/USD,20090501 00:20:12.790,1.32436,1.32447
EUR/USD,20090501 00:20:22.849,1.32436,1.32446
EUR/USD,20090501 00:20:29.013,1.32433,1.32446
EUR/USD,20090501 00:20:29.014,1.32433,1.32442
EUR/USD,20090501 00:20:29.015,1.32432,1.32446
EUR/USD,20090501 00:20:29.016,1.32432,1.32444
EUR/USD,20090501 00:20:29.024,1.32432,1.32441
EUR/USD,20090501 00:20:29.032,1.32432,1.3244
EUR/USD,20090501 00:20:39.262,1.32434,1.3244
EUR/USD,20090501 00:20:39.294,1.32434,1.32441
EUR/USD,20090501 00:20:39.368,1.32434,1.32446
EUR/USD,20090501 00:20:39.832,1.32434,1.32446
EUR/USD,20090501 00:20:39.860,1.32438,1.32445
EUR/USD,20090501 00:20:39.861,1.32437,1.32447
EUR/USD,20090501 00:20:40.262,1.32437,1.32447
EUR/USD,20090501 00:20:41.284,1.32437,1.32445
EUR/USD,20090501 00:20:45.012,1.32436,1.32445
EUR/USD,20090501 00:20:45.014,1.32434,1.32445
EUR/USD,20090501 00:20:57.259,1.32438,1.32445
EUR/USD,20090501 00:20:57.282,1.32438,1.32447
EUR/USD,20090501 00:20:57.511,1.32443,1.32447
EUR/USD,20090501 00:20:57.512,1.32442,1.32447
EUR/USD,20090501 00:20:57.542,1.32442,1.32447
EUR/USD,20090501 00:20:57.591,1.32442,1.32448
EUR/USD,20090501 00:20:57.768,1.32442,1.32446
EUR/USD,20090501 00:20:58.184,1.32442,1.32448
EUR/USD,20090501 00:20:58.512,1.32449,1.32449
EUR/USD,20090501 00:20:58.514,1.32447,1.32449
EUR/USD,20090501 00:20:58.526,1.32447,1.32454
EUR/USD,20090501 00:20:58.599,1.32447,1.32448
EUR/USD,20090501 00:20:58.604,1.32447,1.32454
EUR/USD,20090501 00:20:59.015,1.32452,1.32458
EUR/USD,20090501 00:20:59.016,1.3245,1.32459
EUR/USD,20090501 00:20:59.035,1.3246,1.32469
EUR/USD,20090501 00:20:59.108,1.3246,1.32471
EUR/USD,20090501 00:20:59.267,1.3246,1.32461
EUR/USD,20090501 00:20:59.270,1.3246,1.32462
EUR/USD,20090501 00:20:59.283,1.32455,1.32462
EUR/USD,20090501 00:20:59.775,1.3246,1.32462
EUR/USD,20090501 00:20:59.812,1.3246,1.32466
EUR/USD,20090501 00:20:59.813,1.3246,1.32467
EUR/USD,20090501 00:21:01.263,1.3246,1.32462
EUR/USD,20090501 00:21:01.265,1.3246,1.32463
EUR/USD,20090501 00:21:01.284,1.32447,1.32463
EUR/USD,20090501 00:21:01.284,1.32447,1.32462
EUR/USD,20090501 00:21:01.513,1.32453,1.32457
EUR/USD,20090501 00:21:01.514,1.32453,1.32462
EUR/USD,20090501 00:21:01.515,1.32452,1.32459
EUR/USD,20090501 00:21:06.512,1.32447,1.32459
EUR/USD,20090501 00:21:06.513,1.32448,1.32459
EUR/USD,20090501 00:21:06.527,1.32448,1.32458
EUR/USD,20090501 00:21:06.785,1.32448,1.32461
EUR/USD,20090501 00:21:07.287,1.32448,1.32459
EUR/USD,20090501 00:21:45.824,1.32448,1.32458
EUR/USD,20090501 00:22:01.522,1.32448,1.32457
EUR/USD,20090501 00:22:01.523,1.32447,1.32458
EUR/USD,20090501 00:22:05.262,1.3245,1.32457
EUR/USD,20090501 00:22:07.268,1.32443,1.32458
EUR/USD,20090501 00:22:07.272,1.32442,1.32458
EUR/USD,20090501 00:22:07.289,1.32442,1.32449
EUR/USD,20090501 00:22:13.510,1.32447,1.32449
EUR/USD,20090501 00:22:13.511,1.32445,1.32449
EUR/USD,20090501 00:22:13.543,1.32445,1.3245
EUR/USD,20090501 00:22:13.598,1.32445,1.32457
EUR/USD,20090501 00:22:13.782,1.32445,1.32456
EUR/USD,20090501 00:22:13.876,1.32445,1.32457
EUR/USD,20090501 00:22:13.910,1.32445,1.32457
EUR/USD,20090501 00:22:17.285,1.32447,1.32457
EUR/USD,20090501 00:22:17.287,1.3245,1.32457
EUR/USD,20090501 00:22:18.018,1.3245,1.32456
EUR/USD,20090501 00:22:18.019,1.3245,1.32457
EUR/USD,20090501 00:22:19.513,1.32457,1.32458
EUR/USD,20090501 00:22:19.517,1.32456,1.32459
EUR/USD,20090501 00:22:19.534,1.3246,1.3246
EUR/USD,20090501 00:22:19.647,1.3246,1.32468
EUR/USD,20090501 00:22:19.700,1.3246,1.32466
EUR/USD,20090501 00:22:20.070,1.3246,1.32467
EUR/USD,20090501 00:22:20.166,1.3246,1.32468
EUR/USD,20090501 00:22:20.254,1.3246,1.32469
EUR/USD,20090501 00:22:28.261,1.32462,1.32466
EUR/USD,20090501 00:22:28.761,1.32467,1.32471
EUR/USD,20090501 00:22:28.763,1.32466,1.32473
EUR/USD,20090501 00:22:28.780,1.32467,1.32473
EUR/USD,20090501 00:22:28.786,1.3247,1.32473
EUR/USD,20090501 00:22:29.026,1.32472,1.32476
EUR/USD,20090501 00:22:29.029,1.32471,1.32477
EUR/USD,20090501 00:22:29.092,1.32471,1.32478
EUR/USD,20090501 00:22:29.598,1.32468,1.32481
EUR/USD,20090501 00:22:29.781,1.32469,1.32481
EUR/USD,20090501 00:22:30.261,1.32472,1.32477
EUR/USD,20090501 00:22:30.274,1.32471,1.32479
EUR/USD,20090501 00:22:32.018,1.32475,1.32481
EUR/USD,20090501 00:22:40.512,1.32473,1.32484
EUR/USD,20090501 00:22:42.759,1.32475,1.32482
EUR/USD,20090501 00:23:20.515,1.32477,1.32484
EUR/USD,20090501 00:23:20.516,1.32476,1.32485
EUR/USD,20090501 00:23:20.634,1.32476,1.32484
EUR/USD,20090501 00:23:21.016,1.32479,1.32484
EUR/USD,20090501 00:23:21.095,1.32478,1.32484
EUR/USD,20090501 00:23:21.133,1.32478,1.32486
EUR/USD,20090501 00:23:21.275,1.3248,1.32486
EUR/USD,20090501 00:23:21.333,1.3248,1.32487
EUR/USD,20090501 00:23:21.580,1.3248,1.32488
EUR/USD,20090501 00:23:21.597,1.32481,1.32488
EUR/USD,20090501 00:23:21.598,1.32482,1.32488
EUR/USD,20090501 00:23:21.663,1.32482,1.32487
EUR/USD,20090501 00:23:21.845,1.32482,1.32485
EUR/USD,20090501 00:23:22.339,1.32482,1.32488
EUR/USD,20090501 00:23:23.015,1.32486,1.32488
EUR/USD,20090501 00:23:23.108,1.32486,1.32491
EUR/USD,20090501 00:23:23.768,1.32482,1.32493
EUR/USD,20090501 00:23:23.851,1.32482,1.32492
EUR/USD,20090501 00:23:24.361,1.32482,1.32489
EUR/USD,20090501 00:23:26.829,1.32482,1.32491
EUR/USD,20090501 00:23:50.759,1.3249,1.32491
EUR/USD,20090501 00:23:50.783,1.3249,1.32492
EUR/USD,20090501 00:23:51.318,1.32492,1.32499
EUR/USD,20090501 00:23:52.015,1.32496,1.32501
EUR/USD,20090501 00:23:52.598,1.32499,1.32505
EUR/USD,20090501 00:23:52.599,1.32498,1.32506
EUR/USD,20090501 00:23:53.267,1.32501,1.32508
EUR/USD,20090501 00:23:53.268,1.325,1.32512
EUR/USD,20090501 00:23:53.560,1.325,1.32508
EUR/USD,20090501 00:23:53.575,1.325,1.32506
EUR/USD,20090501 00:23:53.768,1.32499,1.32506
EUR/USD,20090501 00:23:53.770,1.32498,1.32506
EUR/USD,20090501 00:23:54.262,1.32498,1.32507
EUR/USD,20090501 00:23:58.067,1.32498,1.32509
EUR/USD,20090501 00:23:58.176,1.32498,1.32507
EUR/USD,20090501 00:23:59.317,1.32498,1.32506
EUR/USD,20090501 00:23:59.358,1.32498,1.32504
EUR/USD,20090501 00:24:02.858,1.32498,1.32506
EUR/USD,20090501 00:24:05.063,1.32498,1.32508
EUR/USD,20090501 00:24:05.568,1.32498,1.32508
EUR/USD,20090501 00:24:13.017,1.32497,1.32508
EUR/USD,20090501 00:24:13.018,1.32496,1.32508
EUR/USD,20090501 00:24:13.411,1.32496,1.32504
EUR/USD,20090501 00:24:20.853,1.32496,1.32508
EUR/USD,20090501 00:24:24.853,1.32496,1.3251
EUR/USD,20090501 00:24:33.849,1.32496,1.3251
EUR/USD,20090501 00:24:35.350,1.32497,1.32506
